1512760082,53550.0,0.008
1512760092,53599.0,0.851
1512760092,53550.0,2.189
1512760099,53599.0,0.09
1512760099,53638.74,0.408
1512760104,53638.74,0.30
1512760111,53630.54,0.144
1512760114,53630.54,0.001
1512760114,53630.54,0.186
1512760116,53630.54,3.695
1512760121,53630.54,0.032
1512760122,53630.54,0.025
1512760124,53630.54,4.623
1512760126,53630.54,5.262
1512760127,53638.74,0.037
1512760131,53630.54,0.013
1512760131,53638.74,0.872
1512760144,53638.74,0.01
1512760146,53800.0,0.007
1512760146,53800.0,0.146
1512760146,53638.74,0.029
1512760147,53638.74,0.008
1512760148,53800.0,0.083
1512760148,53800.0,0.028
1512760148,53800.0,0.001
1512760149,53650.0,0.019
1512760149,53638.74,0.023
1512760151,53638.74,0.042
1512760152,53638.74,0.033
1512760154,53800.0,0.012
1512760161,53800.0,0.004
1512760162,53800.0,0.001
1512760162,53639.0,0.005
1512760179,53900.0,0.004
1512760179,53900.0,0.005
1512760180,53802.0,0.006
1512760181,53650.0,0.009
1512760181,53802.0,0.024
1512760204,53900.0,0.007
1512760210,53957.65,0.639
1512760210,53900.0,0.061
1512760210,53908.02,0.00
1512760214,53638.74,0.001
1512760214,53638.73,0.00
1512760214,53650.0,0.233
1512760214,53639.0,0.002
1512760214,53700.02,0.011
1512760214,53638.73,0.00
1512760214,53563.0,0.644
1512760214,53639.0,0.011
1512760236,53950.0,0.004
1512760236,53899.99,0.003
1512760236,53899.99,0.002
1512760245,53899.99,0.01
1512760245,53899.99,0.002
1512760245,53950.0,0.081
1512760277,53564.0,0.121
1512760277,53700.0,0.021
1512760287,53888.0,0.006
1512760300,53888.0,0.001
1512760303,53899.98,0.002
1512760303,53899.98,0.00
1512760303,53899.98,0.00
1512760303,53899.98,0.002
1512760303,53899.98,0.00
1512760303,53899.99,0.001
1512760303,53888.0,0.044
1512760313,53899.99,0.001
1512760313,53888.0,0.049
1512760323,53700.0,0.032
1512760323,53800.0,0.021
1512760327,53899.99,0.00
1512760327,53950.0,0.065
1512760327,53899.99,0.00
1512760327,53899.99,0.00
1512760327,53899.99,0.004
1512760331,53700.0,0.00
1512760333,53700.0,0.00
1512760335,53700.0,0.00
1512760337,53700.0,0.00
1512760340,53700.0,0.00
1512760343,53700.0,0.00
1512760355,53800.02,0.055
1512760361,53950.0,0.07
1512760362,53802.0,0.00
1512760365,53802.0,0.00
1512760367,53802.0,0.00
1512760378,53802.0,0.015
1512760380,53802.0,0.015
1512760381,53802.0,0.015
1512760382,53945.0,0.001
1512760383,53802.0,0.014
1512760385,53802.0,0.014
1512760387,53950.0,0.098
1512760387,53945.0,0.009
1512760387,53955.0,0.004
1512760387,53957.65,0.108
1512760387,53950.0,0.022
1512760411,53950.02,0.006
1512760414,53957.65,0.479
1512760418,53957.65,0.043
1512760427,53957.65,0.00
1512760445,53957.65,0.011
1512760454,53955.0,0.017
1512760459,53944.99,0.00
1512760459,53955.0,0.011
1512760459,53957.65,0.062
1512760468,53954.0,0.00
1512760483,53954.0,0.072
1512760483,53956.0,0.014
1512760489,53957.64,0.004
1512760503,53956.0,0.007
1512760504,53955.0,0.002
1512760505,53955.0,0.093
1512760528,53949.99,0.093
1512760532,53900.0,0.004
1512760535,53956.01,0.06
1512760535,53950.0,0.029
1512760535,53957.0,0.12
1512760535,53955.0,0.192
1512760549,53957.0,0.071
1512760549,53956.01,0.072
1512760549,53900.0,0.181
1512760557,53957.0,0.03
1512760563,53800.03,0.051
1512760563,53801.01,0.002
1512760563,53800.03,0.002
1512760563,53802.0,0.009
1512760565,53950.0,0.00
1512760567,53950.0,0.00
1512760568,53950.0,0.00
1512760571,53806.0,0.001
1512760572,53806.0,0.009
1512760575,53806.0,0.026
1512760577,53806.0,0.178
1512760580,53565.0,0.143
1512760580,53669.99,0.00
1512760581,53950.0,0.113
1512760581,53900.0,0.019
1512760581,53806.0,0.002
1512760581,53806.0,0.00
1512760586,53666.0,0.00
1512760589,53666.0,0.00
1512760590,53940.0,0.005
1512760593,53900.01,0.00
1512760596,53900.01,0.001
1512760596,53900.01,0.001
1512760596,53900.01,0.001
1512760601,53850.0,0.455
1512760607,53850.0,0.066
1512760610,53666.0,0.017
1512760617,53798.99,0.004
1512760622,53666.0,0.109
1512760622,53564.01,0.003
1512760622,53565.0,0.069
1512760622,53564.01,0.045
1512760636,53566.0,0.251
1512760646,53566.0,0.249
1512760656,53563.0,0.002
1512760661,53563.0,0.05
1512760661,53563.0,0.00
1512760664,53563.0,0.007
1512760669,53563.0,0.012
1512760673,53560.0,0.00
1512760676,53560.0,0.001
1512760685,53500.0,0.00
1512760691,53460.0,0.004
1512760692,53399.0,0.001
1512760692,53401.0,0.001
1512760696,53399.0,0.004
1512760697,53460.0,0.021
1512760727,53460.0,0.003
1512760731,53460.0,0.00
1512760749,53509.44,0.001
1512760749,53509.44,0.00
1512760757,53509.44,0.002
1512760757,53509.44,0.001
1512760764,53509.44,0.001
1512760764,53509.44,0.002
1512760764,53509.44,0.002
1512760793,53503.01,0.002
1512760794,53501.0,0.042
1512760794,53503.01,0.026
1512760794,53500.0,0.326
1512760794,53501.0,0.019
1512760797,53500.0,0.033
1512760811,53500.01,0.08
1512760822,53505.34,3.965
1512760826,53505.34,0.044
1512760827,53505.34,4.312
1512760830,53505.34,3.005
1512760833,53505.34,4.357
1512760835,53509.44,0.00
1512760835,53761.0,0.002
1512760835,53509.44,0.00
1512760835,53509.44,0.00
1512760835,53798.0,0.005
1512760835,53797.99,0.03
1512760835,53509.44,0.001
1512760849,53501.01,0.00
1512760851,53501.01,0.00
1512760853,53501.01,0.00
1512760865,53650.0,1.569
1512760865,53780.0,2.079
1512760876,53780.0,3.657
1512760879,53780.0,7.962
1512760912,53798.0,0.009
1512760954,53660.0,0.001
1512760993,53798.0,0.079
1512760993,53790.0,0.106
1512761013,53797.0,0.001
1512761013,53798.0,0.002
1512761041,53651.0,0.00
1512761044,53798.0,0.001
1512761080,53797.99,0.019
1512761082,53797.99,0.004
1512761096,53797.99,0.002
1512761113,53797.99,0.01
1512761113,53798.0,0.046
1512761118,53798.0,0.01
1512761137,53797.0,0.028
1512761140,53797.0,0.004
1512761144,53798.0,0.002
1512761162,53798.0,0.089
1512761172,53798.0,0.001
1512761225,53797.0,0.062
1512761254,53797.0,0.007
1512761277,53792.0,0.001
1512761282,53790.01,0.00
1512761282,53792.0,0.009
1512761282,53704.66,0.018
1512761282,53790.01,0.00
1512761282,53709.0,0.13
1512761282,53790.01,0.00
1512761282,53790.1,0.00
1512761282,53704.66,0.018
1512761283,53700.0,0.005
1512761288,53700.0,0.002
1512761295,53651.01,0.00
1512761313,53700.0,0.019
1512761319,53700.0,0.011
1512761324,53650.01,0.001
1512761326,53650.0,0.00
1512761326,53650.0,0.002
1512761326,53700.0,0.004
1512761336,53650.0,0.00
1512761338,53650.01,0.001
1512761340,53700.0,0.009
1512761342,53700.0,0.001
1512761342,53650.0,0.00
1512761343,53790.0,0.10
1512761343,53800.0,0.359
1512761343,53700.0,0.256
1512761343,53798.01,0.011
1512761343,53798.0,0.056
1512761343,53801.0,0.053
1512761344,53843.73,0.00
1512761346,53843.73,0.00
1512761346,53850.0,0.017
1512761349,53843.73,0.00
1512761349,53850.0,0.009
1512761350,53843.73,0.00
1512761353,53843.73,0.00
1512761356,53843.73,0.875
1512761356,53843.73,0.00
1512761361,53843.73,0.00
1512761361,53843.73,0.00
1512761362,53843.74,0.00
1512761364,53843.74,0.004
1512761367,53850.0,0.001
1512761367,53895.0,0.036
1512761369,53651.0,0.00
1512761379,53651.0,0.022
1512761384,53651.0,0.019
1512761395,53651.0,0.019
1512761442,53842.95,0.038
1512761443,53842.95,0.012
1512761444,53896.69,0.106
1512761444,53896.69,0.007
1512761444,53890.0,0.041
1512761444,53842.95,0.038
1512761444,53897.0,0.229
1512761444,53890.0,0.019
1512761460,53700.0,0.005
1512761463,53895.0,0.005
1512761474,53895.0,0.017
1512761479,53670.0,0.03
1512761485,53842.94,0.001
1512761487,53842.94,0.00
1512761490,53866.36,0.00
1512761494,53866.36,0.00
1512761496,53866.36,0.002
1512761497,53866.36,0.001
1512761499,53866.36,0.00
1512761504,53879.0,0.02
1512761509,53879.0,0.806
1512761509,53897.0,0.364
1512761509,53900.0,1.566
1512761510,53842.94,0.018
1512761510,53842.94,0.018
1512761510,53842.94,0.017
1512761510,53842.94,0.018
1512761526,53899.0,0.002
1512761526,53880.0,0.022
1512761526,53870.0,0.291
1512761538,53899.0,0.081
1512761541,53870.0,0.008
1512761551,53870.0,0.038
1512761564,53899.0,0.001
1512761590,53899.0,0.002
1512761593,53870.0,0.002
1512761596,53899.0,0.021
1512761599,53899.0,0.011
1512761607,53899.0,0.002
1512761608,53870.0,0.001
1512761617,53870.0,0.204
1512761620,53899.0,0.009
1512761621,53899.0,0.081
1512761632,53870.1,0.00
1512761632,53870.0,0.004
1512761638,53899.0,0.003
1512761644,53870.0,0.03
1512761644,53870.0,0.006
1512761654,53890.43,3.694
1512761659,53890.43,0.092
1512761660,53890.43,2.699
1512761662,53890.43,5.481
1512761680,53883.0,0.009
1512761691,53883.0,0.268
1512761701,53880.54,0.019
1512761704,53880.54,3.651
1512761708,53880.54,5.654
1512761722,53898.0,0.028
1512761729,53880.0,0.004
1512761729,53890.02,0.023
1512761729,53898.0,0.065
1512761742,53870.0,0.027
1512761742,53870.01,0.011
1512761744,53898.0,0.071
1512761754,53842.94,0.018
1512761754,53880.0,0.10
1512761754,53870.0,0.092
1512761754,53651.0,0.243
1512761754,53842.94,0.018
1512761754,53842.94,0.00
1512761754,53650.1,0.006
1512761761,53897.0,0.028
1512761764,53899.0,0.085
1512761764,53900.0,4.468
1512761764,53897.0,0.117
1512761764,53898.0,0.237
1512761764,53900.0,0.077
1512761767,53897.0,0.005
1512761767,53900.0,0.016
1512761772,53897.0,0.022
1512761775,53890.0,0.002
1512761793,53890.0,0.093
1512761800,53890.0,0.126
1512761800,53949.99,0.025
1512761800,53950.0,0.849
1512761805,53950.0,0.001
1512761822,53655.0,0.031
1512761856,53890.0,0.009
1512761866,53900.0,0.072
1512761866,53890.0,0.022
1512761876,53900.0,0.025
1512761882,53950.0,0.017
1512761882,53950.0,0.055
1512761918,53649.99,0.00
1512761918,53598.0,0.003
1512761918,53501.01,0.008
1512761918,53501.01,0.007
1512761918,53800.0,0.095
1512761918,53463.0,0.017
1512761918,53501.01,0.008
1512761918,53501.01,0.008
1512761918,53670.0,0.004
1512761918,53650.1,0.053
1512761918,53650.0,0.018
1512761918,53501.01,0.008
1512761918,53658.01,0.13
1512761918,53650.11,0.002
1512761918,53711.67,0.002
1512761918,53500.0,0.02
1512761918,53658.0,0.055
1512761918,53650.15,0.002
1512761922,53836.11,0.001
1512761928,53836.11,0.001
1512761928,53950.0,0.038
1512761928,53836.11,0.001
1512761930,53950.0,0.002
1512761964,53899.0,0.001
1512761990,53957.0,0.065
1512761990,53950.0,0.096
1512761990,53957.0,0.241
1512761990,53957.0,0.002
1512761990,53949.99,0.13
1512761990,53900.0,0.025
1512762006,53510.0,0.004
1512762006,53600.0,0.004
1512762006,53550.0,0.002
1512762010,53949.0,0.013
1512762037,53871.64,0.02
1512762068,53909.0,0.03
1512762077,53909.0,0.00
1512762086,53900.0,0.00
1512762086,53909.0,0.013
1512762088,53909.0,0.011
1512762117,53908.99,0.006
1512762118,53908.99,0.782
1512762123,53908.99,0.033
1512762125,53909.0,0.033
1512762154,53900.0,0.004
1512762154,53908.99,0.006
1512762190,53615.0,0.001
1512762241,53700.0,0.07
1512762241,53710.0,0.03
1512762247,53700.0,0.048
1512762251,53700.0,0.002
1512762265,53700.0,0.059
1512762294,53700.0,0.121
1512762347,53890.0,0.003
1512762355,53899.0,0.046
1512762355,53890.0,0.007
1512762355,53700.0,0.04
1512762355,53700.0,0.001
1512762355,53700.0,0.131
1512762392,53888.06,0.005
1512762413,53817.23,0.001
1512762415,53701.1,0.00
1512762415,53701.0,0.078
1512762423,53618.0,0.014
1512762423,53699.99,0.00
1512762423,53699.99,0.003
1512762423,53699.99,0.001
1512762423,53701.0,0.002
1512762442,53615.0,0.066
1512762460,53820.0,0.006
1512762476,53753.12,0.007
1512762498,53775.37,0.023
1512762498,53700.0,0.005
1512762514,53620.0,0.001
1512762559,53799.99,0.021
1512762569,53620.0,0.083
1512762582,53798.46,0.003
1512762590,53799.0,0.008
1512762590,53800.0,0.001
1512762607,53621.0,0.027
1512762643,53749.96,0.028
1512762646,53749.96,0.185
1512762666,53621.0,0.005
1512762707,53621.0,0.018
1512762707,53674.63,0.001
1512762707,53674.73,0.00
1512762707,53620.0,0.062
1512762711,53620.0,0.032
1512762716,53714.28,0.074
1512762725,53715.8,0.003
1512762741,53707.16,0.013
1512762762,53715.8,0.001
1512762765,53674.63,0.001
1512762773,53715.8,0.057
1512762773,53674.63,0.001
1512762783,53715.79,0.049
1512762783,53715.8,0.041
1512762785,53621.0,0.034
1512762785,53620.0,0.005
1512762785,53715.8,0.01
1512762796,53699.42,0.049
1512762821,53694.0,0.019
1512762835,53700.0,0.003
1512762835,53619.99,0.001
1512762835,53615.0,0.005
1512762836,53615.0,0.009
1512762880,53700.0,0.008
1512762880,53700.1,0.00
1512762880,53615.01,0.022
1512762902,53715.75,0.026
1512762904,53715.75,0.017
1512762912,53615.0,0.108
1512762921,53715.79,0.088
1512762922,53600.01,0.005
1512762922,53615.0,0.002
1512762922,53601.1,0.00
1512762924,53600.01,0.003
1512762934,53600.01,0.037
1512762950,53610.0,0.001
1512762953,53600.01,0.002
1512762953,53610.0,0.014
1512762959,53600.0,0.007
1512762959,53601.0,0.001
1512762959,53600.0,0.001
1512762962,53715.0,0.036
1512762964,53600.0,0.001
1512762968,53500.0,0.018
1512762968,53500.01,0.06
1512762968,53600.0,0.016
1512762971,53715.0,0.003
1512762977,53500.0,0.102
1512762986,53462.1,0.00
1512762986,53462.0,0.03
1512762997,53462.0,0.154
1512763008,53462.0,0.03
1512763012,53462.0,0.03
1512763020,53462.0,0.31
1512763020,53462.01,0.004
1512763020,53400.0,0.18
1512763020,53452.41,0.007
1512763028,53400.0,0.02
1512763028,53400.0,0.013
1512763044,53715.0,0.015
1512763070,53399.01,0.002
1512763070,53302.0,0.004
1512763070,53399.01,0.006
1512763070,53399.01,0.004
1512763070,53444.0,0.001
1512763090,53700.1,0.437
1512763117,53302.0,0.002
1512763117,53461.99,0.00
1512763133,53444.11,0.00
1512763133,53444.01,0.001
1512763150,53445.0,0.005
1512763160,53699.99,0.00
1512763164,53445.0,0.001
1512763164,53445.1,0.00
1512763195,53690.0,0.001
1512763226,53480.0,0.085
1512763256,53485.0,0.012
1512763272,53599.99,0.001
1512763278,53600.0,0.013
1512763278,53600.0,0.005
1512763287,53599.99,0.003
1512763291,53599.99,0.001
1512763305,53491.01,0.001
1512763351,53700.09,0.016
1512763351,53690.0,0.026
1512763351,53700.0,0.01
1512763351,53600.0,0.079
1512763353,53500.1,0.071
1512763378,53700.0,0.006
1512763400,53700.09,0.002
1512763400,53700.0,0.006
1512763420,53700.1,0.033
1512763420,53700.09,0.003
1512763421,53700.1,0.222
1512763425,53700.1,0.036
1512763425,53700.0,0.001
1512763458,53700.1,0.41
1512763481,53700.1,0.389
1512763502,53700.1,0.025
1512763533,53620.1,0.00
1512763535,53700.0,0.02
1512763535,53620.1,0.017
1512763543,53700.0,0.003
1512763544,53700.0,0.003
1512763545,53615.01,0.00
1512763545,53615.01,0.00
1512763545,53615.01,0.00
1512763561,53715.8,0.438
1512763561,53713.13,0.00
1512763561,53712.13,0.00
1512763561,53700.0,0.01
1512763561,53700.0,0.014
1512763561,53700.1,0.161
1512763561,53700.1,0.067
1512763577,53600.0,0.002
1512763577,53500.0,0.028
1512763577,53615.01,0.00
1512763577,53615.01,0.00
1512763577,53668.64,0.007
1512763577,53615.01,0.00
1512763591,53715.8,0.001
1512763605,53513.73,0.006
1512763624,53600.0,0.004
1512763637,53715.8,0.005
1512763640,53715.8,0.011
1512763655,53700.1,0.004
1512763677,53715.8,0.009
1512763704,53700.11,0.001
1512763721,53715.8,0.002
1512763726,53700.11,0.002
1512763726,53530.0,0.021
1512763726,53700.1,0.004
1512763726,53533.0,0.007
1512763731,53530.0,0.001
1512763789,53715.75,0.001
1512763792,53715.75,0.014
1512763819,53532.0,0.00
1512763905,53680.0,0.019
1512763905,53680.1,0.00
1512763908,53710.0,0.002
1512763911,53710.0,0.006
1512763911,53715.0,0.038
1512763930,53715.0,0.019
1512763931,53715.0,0.002
1512763935,53680.0,0.007
1512763954,53680.1,0.00
1512763954,53680.0,0.001
1512763972,53715.0,0.066
1512763978,53715.0,0.006
1512763999,53715.0,0.019
1512764004,53710.0,0.009
1512764035,53680.0,0.002
1512764038,53680.0,0.001
1512764065,53715.0,0.004
1512764099,53444.0,0.00
1512764099,53444.01,0.002
1512764099,53302.0,0.033
1512764099,53444.01,0.003
1512764099,53303.0,0.20
1512764099,53531.99,0.001
1512764099,53303.01,0.01
1512764099,53480.0,0.001
1512764099,53680.0,0.008
1512764099,53500.0,0.009
1512764121,53201.58,0.022
1512764121,53302.0,0.261
1512764121,53351.0,0.102
1512764150,53701.58,0.00
1512764179,53715.0,0.001
1512764179,53715.8,0.062
1512764179,53701.58,0.077
1512764179,53715.0,0.003
1512764224,53701.58,0.02
1512764224,53201.58,0.488
1512764224,53200.0,0.442
1512764224,53302.0,0.017
1512764225,53715.8,0.009
1512764245,53702.0,0.003
1512764257,53715.0,0.004
1512764265,53712.33,0.00
1512764266,53715.0,0.009
1512764277,53712.33,0.001
1512764282,53702.0,0.031
1512764318,53710.0,0.001
1512764327,53715.0,0.00
1512764327,53710.0,0.004
1512764327,53714.0,0.014
1512764334,53715.0,0.01
1512764432,53305.0,0.051
1512764450,53500.0,0.001
1512764457,53710.0,0.155
1512764468,53710.0,0.102
1512764490,53305.0,0.002
1512764624,53640.0,0.003
1512764650,53550.0,0.001
1512764650,53680.0,0.082
1512764686,53670.0,0.001
1512764697,53200.02,0.336
1512764697,53300.0,0.009
1512764697,53302.0,0.001
1512764697,53200.01,0.164
1512764704,53200.01,0.024
1512764723,53670.0,0.049
1512764723,53679.0,0.137
1512764793,53310.0,0.011
1512764816,53302.01,0.004
1512764816,53302.01,0.004
1512764816,53302.01,0.004
1512764821,53200.03,0.038
1512764829,53650.0,0.002
1512764847,53302.02,0.004
1512764855,53210.0,0.135
1512764896,53616.33,0.001
1512764896,53650.0,0.009
1512764901,53660.0,0.007
1512764904,53660.0,0.004
1512764905,53660.0,0.007
1512764907,53660.0,0.158
1512764909,53355.32,0.00
1512764919,53600.0,0.002
1512764938,53400.0,0.001
1512764943,53400.0,0.001
1512764982,53400.0,0.002
1512765001,53400.0,0.032
1512765024,53679.0,0.067
1512765024,53600.0,0.146
1512765024,53660.0,0.01
1512765024,53680.0,0.071
1512765024,53500.0,0.25
1512765030,53355.32,0.002
1512765030,53355.32,0.001
1512765030,53453.41,0.003
1512765047,53300.0,0.004
1512765047,53355.31,0.00
1512765047,53355.32,0.001
1512765069,53211.0,0.019
1512765069,53200.01,0.16
1512765069,53300.0,0.006
1512765076,53200.01,0.013
1512765191,53310.0,0.025
1512765266,53674.0,0.135
1512765266,53675.0,0.051
1512765270,53675.0,0.093
1512765276,53674.0,0.015
1512765281,53674.0,0.018
1512765283,53674.0,0.032
1512765294,53674.0,0.006
1512765350,53315.03,0.004
1512765355,53674.0,0.008
1512765369,53674.0,0.009
1512765413,53674.0,0.05
1512765460,53673.0,0.033
1512765497,53001.0,0.001
1512765497,53200.01,0.046
1512765497,53299.0,0.01
1512765497,53006.0,0.146
1512765497,53298.0,0.01
1512765497,53299.99,0.002
1512765497,53222.0,0.01
1512765497,53000.02,0.081
1512765497,53200.0,0.041
1512765497,53200.0,0.019
1512765497,53350.0,0.234
1512765497,53295.0,0.01
1512765521,53000.02,0.191
1512765521,53350.01,0.002
1512765521,53000.1,0.034
1512765537,53200.0,0.002
1512765565,53600.0,0.056
1512765578,53289.8,0.01
1512765578,53001.0,0.423
1512765578,53200.0,0.002
1512765579,53001.0,0.038
1512765585,53600.0,0.01
1512765620,53289.8,0.002
1512765620,53289.8,0.002
1512765623,53289.8,0.007
1512765623,53101.0,0.068
1512765668,53599.0,0.001
1512765684,53599.0,0.022
1512765696,53599.0,0.087
1512765696,53600.0,0.062
1512765717,53600.0,0.036
1512765720,53600.0,0.013
1512765730,53599.99,0.002
1512765733,53599.99,0.058
1512765769,53570.0,0.001
1512765785,53200.0,0.311
1512765820,53550.0,0.00
1512765833,53550.0,0.001
1512765854,53548.0,0.004
1512765860,53202.0,0.007
1512765865,53548.0,0.023
1512765865,53548.0,0.023
1512765867,53548.0,0.023
1512765867,53548.0,0.023
1512765868,53548.0,0.023
1512765869,53548.0,0.023
1512765870,53548.0,0.014
1512765873,53548.0,0.014
1512765888,53207.0,0.017
1512765892,53500.0,0.016
1512765897,53499.99,0.002
1512765901,53499.99,0.015
1512765905,53499.98,0.002
1512765909,53495.0,0.002
1512765913,53210.0,0.179
1512765913,53207.0,0.511
1512765914,53207.0,0.075
1512765915,53495.0,0.002
1512765948,53211.0,0.011
1512765950,53450.0,0.014
1512765958,53400.0,0.002
1512765981,53400.0,0.263
1512766030,53211.0,0.017
1512766030,53260.22,0.007
1512766141,53211.0,0.006
1512766269,53475.0,0.001
1512766386,53210.0,0.83
1512766391,53475.0,0.00
1512766440,53219.69,0.131
1512766509,53219.69,0.07
1512766511,53210.0,0.01
1512766511,53219.69,0.001
1512766512,53219.69,0.047
1512766560,53219.69,0.002
1512766560,53219.69,0.005
1512766561,53211.0,0.002
1512766574,53210.0,0.055
1512766576,53210.0,0.08
1512766680,53209.0,0.004
1512766680,53210.0,0.001
1512766687,53210.0,0.003
1512766687,53210.99,0.007
1512766687,53209.0,0.014
1512766690,53211.0,0.00
1512766690,53210.99,0.019
1512766807,53219.69,0.314
1512766808,53242.14,0.006
1512766867,53242.14,0.006
1512766920,53240.0,0.017
1512766924,53210.99,0.00
1512766926,53262.15,0.085
1512766926,53240.0,0.001
1512766926,53262.15,0.003
1512766930,53262.15,0.176
1512766934,53262.15,0.096
1512766935,53262.15,0.121
1512766935,53303.78,0.03
1512766936,53240.0,0.003
1512766936,53240.0,0.001
1512766936,53240.0,0.001
1512766938,53210.99,0.003
1512766938,53240.0,0.019
1512766940,53240.0,0.094
1512766941,53240.0,0.001
1512766944,53240.0,0.00
1512766948,53220.0,0.004
1512766950,53220.0,0.013
1512766953,53220.0,0.001
1512766955,53220.0,0.005
1512766957,53211.0,0.002
1512766959,53240.0,0.352
1512766959,53220.0,0.479
1512766959,53250.0,1.632
1512766961,53210.99,0.002
1512766962,53250.0,0.199
1512766962,53250.0,0.004
1512766964,53250.0,0.00
1512766966,53210.99,0.002
1512766966,53242.13,0.001
1512766968,53209.0,0.119
1512766968,53210.99,0.011
1512766968,53210.99,0.001
1512766972,53250.0,0.005
1512766980,53242.13,0.001
1512766980,53209.0,0.109
1512766980,53209.0,0.018
1512766980,53242.13,0.001
1512766992,53210.0,0.026
1512766992,53209.0,0.003
1512766992,53250.0,0.00
1512766992,53250.0,0.282
1512766997,53200.0,0.122
1512766997,53200.0,0.006
1512766997,53170.01,0.00
1512766997,53201.0,0.003
1512766997,53209.0,0.038
1512766997,53170.02,0.001
1512766997,53202.0,0.067
1512766997,53160.01,0.255
1512767002,53250.0,0.057
1512767007,53303.78,0.007
1512767014,53250.0,0.001
1512767021,53210.98,0.001
1512767021,53210.98,0.001
1512767029,53300.0,0.001
1512767031,53300.0,0.00
1512767031,53303.78,0.001
1512767042,53303.78,0.092
1512767042,53320.06,0.096
1512767046,53300.0,0.003
1512767052,53220.0,0.00
1512767053,53300.0,0.003
1512767053,53320.06,0.006
1512767066,53320.06,0.154
1512767067,53320.06,0.034
1512767070,53320.06,0.002
1512767077,53320.06,0.02
1512767090,53320.06,0.088
1512767090,53319.0,0.10
1512767115,53320.06,0.026
1512767118,53160.01,0.102
1512767118,53001.0,0.013
1512767118,53000.02,0.133
1512767118,53220.0,0.10
1512767118,53000.03,0.057
1512767118,53210.98,0.00
1512767118,53219.69,0.038
1512767118,53000.02,0.448
1512767118,53001.01,0.08
1512767118,53000.03,0.003
1512767118,53160.0,0.027
1512767133,53320.06,0.001
1512767144,53320.06,0.008
1512767204,53010.0,0.005
1512767214,53320.05,0.054
1512767215,53320.06,0.054
1512767215,53320.05,0.01
1512767263,53318.0,0.005
1512767263,53320.0,0.003
1512767284,53010.0,0.021
1512767284,53055.01,0.002
1512767310,53319.0,0.009
1512767313,53002.0,0.042
1512767313,53003.0,0.019
1512767313,53003.02,0.004
1512767313,53010.0,0.221
1512767336,53002.01,0.011
1512767336,53062.2,0.01
1512767336,53002.0,0.222
1512767361,53006.0,0.00
1512767362,53303.02,0.006
1512767367,53303.02,0.011
1512767367,53318.99,0.008
1512767379,53006.01,0.03
1512767416,53317.0,0.01
1512767450,53050.01,0.018
1512767460,53317.0,0.005
1512767477,53012.0,0.002
1512767477,53051.0,0.247
1512767477,53050.0,0.912
1512767477,53011.0,0.088
1512767477,53012.01,0.337
1512767477,53011.0,0.868
1512767477,53050.01,0.61
1512767507,53012.01,0.00
1512767514,53012.01,0.002
1512767518,53015.0,0.004
1512767520,53012.01,0.002
1512767520,53015.0,0.032
1512767565,53013.0,0.00
1512767569,53012.01,0.011
1512767569,53013.0,0.009
1512767569,53011.03,0.03
1512767581,53299.0,0.072
1512767583,53299.0,0.007
1512767591,53011.03,0.001
1512767604,53011.03,0.008
1512767606,53298.99,0.007
1512767608,53011.02,0.012
1512767610,53298.99,0.007
1512767619,53298.99,0.007
1512767623,53298.99,0.179
1512767628,53299.0,0.007
1512767631,53298.99,0.007
1512767634,53200.0,0.023
1512767635,53200.0,0.002
1512767638,53297.0,0.002
1512767642,53297.0,0.00
1512767643,53297.0,0.001
1512767651,53299.0,0.007
1512767655,53298.0,0.074
1512767655,53299.0,0.018
1512767659,53299.0,0.091
1512767670,53299.0,0.027
1512767670,53299.0,0.045
1512767672,53299.0,0.064
1512767675,53320.0,0.017
1512767675,53320.05,0.013
1512767679,53320.05,0.007
1512767683,53320.05,0.038
1512767695,53319.99,0.20
1512767701,53319.98,0.003
1512767747,53202.0,0.005
1512767747,53297.0,0.00
1512767752,53202.0,0.075
1512767752,53202.0,0.005
1512767760,53320.0,0.04
1512767760,53320.06,0.419
1512767760,53320.0,0.003
1512767774,53300.0,0.002
1512767780,53300.0,0.00
1512767801,53300.0,0.00
1512767814,53300.0,0.073
1512767827,53300.0,0.012
1512767833,53318.0,0.084
1512767833,53319.0,0.018
1512767833,53300.0,0.063
1512767833,53320.06,0.215
1512767835,53320.06,0.014
1512767847,53320.06,0.002
1512767847,53320.06,0.094
1512767852,53326.79,0.11
1512767852,53320.06,0.20
1512767852,53361.37,0.30
1512767852,53350.0,0.268
1512767852,53350.0,0.062
1512767862,53500.0,0.05
1512767862,53500.0,0.079
1512767862,53400.0,0.481
1512767862,53361.37,0.18
1512767862,53548.0,0.145
1512767867,53548.0,0.007
1512767872,53361.37,0.01
1512767879,53548.0,0.007
1512767891,53548.0,0.093
1512767922,53548.0,0.093
1512767925,53548.0,0.02
1512767928,53548.0,0.001
1512767941,53548.0,0.046
1512767952,53548.0,0.015
1512767958,53548.0,0.052
1512767985,53548.0,0.003
1512767985,53540.0,0.002
1512767986,53548.0,0.072
1512768004,53548.0,0.004
1512768016,53530.0,0.058
1512768049,53548.0,0.055
1512768067,53548.0,0.072
1512768068,53548.0,0.012
1512768072,53548.0,0.012
1512768116,53500.0,0.001
1512768117,53500.0,0.00
1512768122,53547.0,0.009
1512768137,53547.0,0.055
1512768142,53500.0,0.031
1512768142,53405.0,0.058
1512768162,53500.21,0.00
1512768164,53546.0,0.00
1512768197,53504.08,0.032
1512768197,53521.77,0.034
1512768197,53510.79,0.053
1512768197,53517.92,0.041
1512768197,53528.4,0.021
1512768197,53514.55,0.028
1512768197,53532.17,0.029
1512768197,53525.19,0.084
1512768197,53535.78,0.023
1512768197,53405.0,0.015
1512768197,53500.21,0.022
1512768197,53507.35,0.039
1512768204,53545.9,0.001
1512768204,53546.0,0.001
1512768221,53546.0,0.00
1512768221,53548.0,0.078
1512768239,53548.0,0.063
1512768294,53547.99,0.00
1512768297,53548.0,0.89
1512768302,53547.99,0.00
1512768303,53548.0,0.013
1512768304,53548.0,0.048
1512768305,53547.99,0.018
1512768305,53545.9,0.001
1512768305,53538.86,0.00
1512768313,53548.99,0.019
1512768313,53548.0,0.027
1512768313,53569.99,0.447
1512768313,53549.0,0.10
1512768313,53547.99,0.002
1512768313,53570.0,0.205
1512768316,53570.0,0.066
1512768338,53539.99,0.015
1512768338,53547.99,0.002
1512768346,53636.72,0.133
1512768350,53658.0,0.003
1512768350,53673.99,0.079
1512768350,53660.0,0.012
1512768394,53680.0,0.066
1512768394,53673.99,0.074
1512768394,53679.0,0.001
1512768394,53674.0,0.009
1512768401,53680.0,0.005
1512768401,53700.0,0.029
1512768403,53550.0,0.099
1512768403,53550.0,0.001
1512768411,53700.0,0.093
1512768413,53700.0,0.004
1512768427,53715.0,0.037
1512768429,53721.62,0.006
1512768435,53547.99,0.002
1512768435,53673.99,0.01
1512768435,53715.0,0.056
1512768435,53547.99,0.002
1512768435,53547.99,0.002
1512768435,53547.99,0.002
1512768435,53799.0,0.155
1512768435,53800.0,0.002
1512768435,53730.21,0.00
1512768435,53800.0,0.178
1512768435,53800.0,0.058
1512768435,53721.62,0.109
1512768440,53800.0,0.037
1512768446,53721.62,0.003
1512768454,53799.0,0.018
1512768454,53800.0,0.16
1512768454,53821.0,0.166
1512768454,53820.0,0.001
1512768454,53819.11,0.036
1512768468,53801.0,0.002
1512768475,53715.0,0.004
1512768485,53728.17,0.003
1512768486,53821.0,0.001
1512768488,53821.0,0.01
1512768502,53820.0,0.049
1512768510,53820.0,0.112
1512768511,53821.0,0.00
1512768511,53820.0,0.04
1512768519,53821.0,0.015
1512768522,53821.0,0.004
1512768546,53760.0,0.024
1512768549,53821.0,0.003
1512768560,53821.0,0.002
1512768560,53878.12,1.15
1512768562,54000.0,0.36
1512768562,53943.91,0.00
1512768562,54000.0,0.019
1512768562,54000.0,0.052
1512768562,54000.0,0.002
1512768562,53899.5,0.037
1512768562,53889.01,0.00
1512768562,54000.0,0.025
1512768562,53949.31,0.00
1512768562,53990.0,0.185
1512768562,54000.0,0.02
1512768562,53900.0,0.046
1512768562,54000.0,0.10
1512768562,54000.0,0.003
1512768562,54000.0,0.051
1512768562,53969.41,0.00
1512768562,54000.0,0.123
1512768562,54000.0,0.112
1512768562,53962.3,0.001
1512768562,54000.0,0.00
1512768562,53899.0,0.216
1512768562,53999.57,0.667
1512768562,53949.31,0.00
1512768567,54000.0,0.002
1512768567,53878.12,0.003
1512768573,54000.0,0.006
1512768573,54000.0,0.001
1512768573,54060.0,0.021
1512768573,54000.0,0.087
1512768573,54000.0,0.006
1512768573,54000.0,0.015
1512768582,54140.26,0.00
1512768582,54123.0,0.006
1512768582,54060.0,0.006
1512768582,54150.0,0.005
1512768582,54333.0,0.049
1512768588,54316.42,0.03
1512768589,54316.42,0.03
1512768600,54333.0,0.001
1512768600,54333.0,0.003
1512768603,54399.99,0.069
1512768603,54333.0,0.023
1512768604,54399.99,0.051
1512768611,54333.0,0.047
1512768611,54316.42,0.324
1512768611,54333.0,0.039
1512768615,54333.0,0.002
1512768618,54333.0,0.009
1512768619,54316.42,0.002
1512768622,54399.99,0.006
1512768624,54316.42,0.001
1512768626,54250.58,0.002
1512768626,54250.58,0.002
1512768630,54250.58,0.387
1512768633,54250.58,0.001
1512768637,54300.0,0.001
1512768637,54200.0,0.013
1512768637,54250.58,0.438
1512768642,54316.42,0.002
1512768646,54250.58,0.023
1512768648,54200.0,0.002
1512768655,54300.0,0.20
1512768660,54202.0,0.019
1512768661,54310.0,0.001
1512768662,54310.0,0.009
1512768663,54310.0,0.057
1512768669,54316.41,0.00
1512768669,54316.43,0.002
1512768669,54316.43,0.008
1512768669,54316.43,0.008
1512768669,54316.42,0.001
1512768672,54316.43,0.008
1512768672,54316.43,0.007
1512768672,54316.43,0.005
1512768672,54316.43,0.01
1512768672,54316.43,0.007
1512768675,54316.43,0.008
1512768680,54316.43,0.007
1512768680,54316.41,0.00
1512768686,54316.43,0.002
1512768686,54316.43,0.00
1512768686,54316.41,0.00
1512768688,54315.0,0.00
1512768691,54315.0,0.00
1512768692,54332.99,0.001
1512768692,54315.0,0.018
1512768692,54316.43,0.00
1512768692,54332.99,0.00
1512768692,54332.99,0.00
1512768695,54332.99,0.001
1512768700,54400.0,0.013
1512768700,54400.0,0.096
1512768701,54316.43,0.00
1512768701,54300.0,0.001
1512768701,54310.0,0.009
1512768704,54450.0,0.037
1512768713,54312.0,0.001
1512768713,54316.41,0.003
1512768713,54316.41,0.003
1512768717,54316.0,0.005
1512768718,54313.0,0.01
1512768718,54316.0,0.005
1512768718,54312.0,0.485
1512768718,54316.0,0.01
1512768721,54316.41,0.001
1512768721,54316.41,0.00
1512768721,54316.41,0.009
1512768721,54316.41,0.003
1512768724,54312.0,0.026
1512768725,54400.0,0.10
1512768743,54312.0,0.013
1512768752,54315.0,0.016
1512768752,54400.0,0.006
1512768756,54400.0,0.002
1512768760,54399.0,0.016
1512768776,54399.0,0.012
1512768825,54398.0,0.01
1512768832,54318.0,0.001
1512768834,54398.0,0.02
1512768838,54398.0,0.037
1512768848,54398.0,0.276
1512768858,54399.0,0.016
1512768858,54398.0,0.203
1512768858,54399.0,0.072
1512768875,54400.0,0.014
1512768875,54400.0,0.021
1512768875,54400.0,0.005
1512768884,54400.0,0.056
1512768886,54495.0,0.01
1512768886,54493.99,0.001
1512768886,54493.99,0.00
1512768886,54493.99,0.00
1512768886,54493.99,0.002
1512768886,54493.99,0.00
1512768886,54400.01,0.004
1512768886,54400.01,0.004
1512768886,54400.01,0.004
1512768886,54493.99,0.00
1512768886,54400.01,0.004
1512768886,54495.74,0.429
1512768905,54495.74,0.00
1512768926,54495.74,0.011
1512768933,54400.01,0.015
1512768933,54411.0,0.097
1512768935,54399.0,0.338
1512768948,54400.0,0.019
1512768950,54491.0,0.019
1512768950,54491.0,0.001
1512768951,54491.0,0.001
1512768955,54491.0,0.074
1512768957,54491.0,0.006
1512768962,54489.0,0.011
1512768965,54489.0,0.001
1512768966,54489.0,0.001
1512768966,54489.0,0.019
1512768972,54489.0,0.002
1512768974,54489.0,0.002
1512768979,54489.0,0.00
1512768988,54489.0,0.002
1512768994,54489.0,0.064
1512769004,54489.0,0.056
1512769009,54490.0,0.164
1512769025,54490.0,0.006
1512769026,54411.0,0.004
1512769027,54490.0,0.101
1512769035,54490.99,0.007
1512769035,54491.0,0.009
1512769036,54491.0,0.116
1512769055,54495.0,0.015
1512769061,54495.02,0.003
1512769064,54495.02,0.01
1512769066,54495.73,0.003
1512769067,54497.74,0.011
1512769068,54497.74,0.21
1512769070,54497.74,0.001
1512769072,54497.74,0.017
1512769072,54497.74,0.101
1512769077,54497.74,0.074
1512769084,54497.74,0.029
1512769086,54500.0,0.013
1512769103,54500.0,0.002
1512769104,54500.0,0.351
1512769104,54500.0,0.038
1512769115,54500.0,0.01
1512769119,54500.0,0.055
1512769119,54500.0,0.00
1512769119,54500.0,0.189
1512769119,54500.0,0.018
1512769119,54500.0,0.054
1512769119,54500.0,0.01
1512769119,54500.0,0.02
1512769119,54500.0,0.02
1512769119,54500.0,0.035
1512769120,54400.01,0.061
1512769120,54410.0,0.00
1512769120,54495.0,0.005
1512769120,54497.74,0.021
1512769120,54488.99,0.006
1512769120,54490.99,0.007
1512769120,54491.0,0.029
1512769122,54664.0,0.016
1512769122,54642.98,0.003
1512769124,54664.0,0.984
1512769126,54800.0,0.023
1512769126,54800.0,0.018
1512769126,54700.0,0.01
1512769132,54664.0,0.015
1512769136,54862.23,0.245
1512769136,54800.0,0.003
1512769142,54800.0,0.00
1512769144,54800.0,0.00
1512769145,54862.23,0.535
1512769145,54699.99,0.006
1512769151,54880.0,0.002
1512769151,54900.0,0.041
1512769151,54862.23,0.157
1512769177,54699.99,0.003
1512769177,54699.99,0.002
1512769178,54970.0,0.133
1512769178,54900.0,0.107
1512769178,54900.0,0.009
1512769178,54900.0,0.108
1512769178,54970.0,0.092
1512769178,54899.0,0.301
1512769178,54989.0,0.182
1512769178,54900.0,0.01
1512769178,54989.0,0.002
1512769178,54950.0,0.95
1512769184,54699.99,0.00
1512769185,54699.99,0.003
1512769187,54699.99,0.00
1512769192,54699.99,0.003
1512769192,54699.99,0.003
1512769204,54699.98,0.097
1512769219,54699.99,0.008
1512769220,54699.99,0.001
1512769220,54699.99,0.007
1512769223,54690.0,0.004
1512769229,54899.99,0.003
1512769229,54899.99,0.00
1512769229,54899.99,0.007
1512769229,54899.99,0.00
1512769229,54880.01,0.00
1512769229,54699.99,0.001
1512769229,54899.99,0.00
1512769229,54989.0,0.07
1512769229,54998.0,0.282
1512769229,54699.99,0.001
1512769229,54699.99,0.002
1512769229,54690.0,0.032
1512769229,54899.99,0.00
1512769231,54680.02,0.005
1512769235,54998.0,0.00
1512769261,54990.0,0.002
1512769273,54980.0,0.002
1512769276,54980.0,0.028
1512769290,54970.0,0.00
1512769293,54701.0,0.00
1512769324,54702.0,0.00
1512769324,54736.69,0.001
1512769328,54940.0,0.009
1512769329,54738.0,0.01
1512769334,54736.69,0.00
1512769347,54940.0,0.005
1512769353,54705.0,0.00
1512769364,54705.0,0.10
1512769371,54940.0,0.00
1512769372,54705.0,0.006
1512769374,54705.0,0.013
1512769377,54705.0,0.004
1512769378,54930.0,0.002
1512769388,54708.0,0.006
1512769391,54708.0,0.002
1512769392,54708.0,0.002
1512769403,54750.0,0.00
1512769406,54750.0,0.00
1512769408,54750.0,0.00
1512769411,54750.0,0.001
1512769422,54750.0,0.004
1512769426,54750.02,0.001
1512769435,54750.0,0.001
1512769443,54750.0,0.00
1512769443,54750.0,0.00
1512769443,54750.02,0.00
1512769447,54750.0,0.073
1512769448,54898.0,0.00
1512769455,54898.0,0.115
1512769464,54899.0,0.037
1512769464,54899.0,0.049
1512769464,54898.0,0.005
1512769465,54899.0,0.029
1512769465,54899.0,0.01
1512769465,54899.0,0.019
1512769465,54900.0,0.444
1512769468,54750.0,0.00
1512769468,54750.0,0.001
1512769468,54750.0,0.002
1512769469,54900.0,1.753
1512769491,54751.0,0.02
1512769493,54899.0,0.046
1512769502,54751.0,0.00
1512769503,54752.0,0.007
1512769506,54898.0,0.01
1512769514,54898.0,0.01
1512769514,54900.0,0.00
1512769525,54898.0,0.008
1512769533,54900.0,0.011
1512769533,54898.0,0.068
1512769539,54900.0,0.001
1512769539,54898.0,0.00
1512769541,54900.0,0.001
1512769541,54900.0,0.091
1512769548,54900.0,0.165
1512769549,54900.0,0.00
1512769557,54900.0,0.459
1512769560,54999.0,0.224
1512769560,54990.01,0.00
1512769560,54990.01,0.018
1512769560,54990.01,0.00
1512769560,54990.01,0.001
1512769560,54997.0,1.206
1512769560,54990.01,0.00
1512769560,54998.0,0.667
1512769560,54990.01,0.00
1512769560,54990.01,0.018
1512769560,54996.0,0.092
1512769560,54990.01,0.001
1512769560,54990.01,0.011
1512769560,54998.0,0.005
1512769560,54990.01,0.003
1512769560,54990.01,0.007
1512769560,54930.0,0.03
1512769560,54990.01,0.018
1512769560,54995.0,0.342
1512769560,54990.01,0.00
1512769560,54990.01,0.002
1512769560,54990.01,0.003
1512769560,54990.01,0.001
1512769560,54999.0,0.009
1512769686,55000.0,0.004
1512769801,55000.0,0.01
1512769801,55000.0,0.045
1512769801,55000.0,0.015
1512769804,54999.01,0.00
1512769804,54999.0,0.013
1512769807,54999.0,0.058
1512769809,55000.0,0.096
1512769810,55000.0,0.267
1512769812,55000.0,0.35
1512769812,55000.0,0.087
1512769812,55000.0,0.02
1512769814,55000.0,0.032
1512769842,55350.0,0.019
1512769842,55399.0,0.031
1512769842,55346.0,0.058
1512769846,55346.0,0.019
1512769846,55346.0,0.006
1512769847,55400.0,0.008
1512769847,55399.0,0.014
1512769847,55399.0,0.155
1512769847,55400.0,0.003
1512769847,55400.0,0.004
1512769847,55400.0,0.008
1512769847,55400.0,0.005
1512769848,55346.0,0.006
1512769850,55346.0,0.009
1512769850,55346.0,0.001
1512769851,55346.0,0.042
1512769852,55346.0,0.001
1512769854,55346.0,0.013
1512769854,55200.0,0.045
1512769855,55200.0,0.001
1512769857,55348.0,0.001
1512769858,55400.0,0.062
1512769858,55420.0,0.111
1512769858,55400.0,0.017
1512769859,55420.0,0.021
1512769861,55450.0,0.015
1512769861,55420.0,0.081
1512769862,55348.0,0.003
1512769862,55450.0,0.085
1512769862,55499.99,0.339
1512769862,55499.0,0.10
1512769862,55473.56,0.383
1512769862,55500.0,0.175
1512769862,55499.0,0.003
1512769862,55491.0,0.36
1512769864,55348.0,0.005
1512769864,55200.0,0.001
1512769865,55500.0,0.125
1512769865,55500.0,0.025
1512769865,55500.0,0.01
1512769865,55500.0,0.009
1512769865,55500.0,0.002
1512769867,55345.99,0.001
1512769867,55500.0,0.443
1512769867,55500.0,0.185
1512769867,55500.0,0.066
1512769867,55500.0,0.081
1512769869,55350.0,0.006
1512769871,55350.0,0.001
1512769872,55500.0,0.18
1512769876,55500.0,0.001
1512769876,55350.0,0.002
1512769876,55350.0,0.009
1512769877,55350.0,0.001
1512769877,55500.0,0.00
1512769879,55350.0,0.001
1512769880,55350.0,0.004
1512769882,55499.99,0.001
1512769884,55400.0,0.006
1512769891,55499.0,0.002
1512769898,55400.0,0.018
1512769905,55499.0,0.001
1512769905,55499.99,0.006
1512769905,55499.99,0.001
1512769905,55499.99,0.001
1512769905,55499.99,0.008
1512769905,55499.99,0.001
1512769905,55499.99,0.002
1512769905,55499.99,0.005
1512769905,55499.99,0.00
1512769905,55499.99,0.002
1512769907,55410.0,0.384
1512769914,55498.99,0.006
1512769915,55411.0,0.01
1512769915,55400.0,0.013
1512769915,55400.0,0.036
1512769919,55400.0,0.001
1512769923,55400.0,0.05
1512769925,55400.0,0.017
1512769925,55400.0,0.009
1512769926,55400.0,0.009
1512769927,55400.0,0.05
1512769927,55490.0,0.095
1512769932,55489.0,0.001
1512769933,55360.0,0.001
1512769935,55360.0,0.152
1512769936,55360.0,0.01
1512769938,55360.0,0.015
1512769939,55489.0,0.002
1512769952,55360.0,0.04
1512769963,55480.0,0.009
1512769976,55400.0,0.005
1512769978,55360.0,0.047
1512769978,55360.0,0.05
1512769981,55360.02,0.005
1512769987,55380.0,0.018
1512769987,55360.02,0.009
1512769988,55449.0,0.002
1512769992,55360.02,0.076
1512769995,55200.0,0.018
1512769995,55010.0,0.182
1512769995,55105.0,0.03
1512769995,55360.0,0.488
1512769995,55200.0,0.203
1512769995,55346.0,0.01
1512769995,55201.0,0.005
1512769995,55400.0,0.002
1512770025,55479.99,0.011
1512770025,55499.99,0.007
1512770025,55499.99,0.003
1512770025,55499.99,0.00
1512770025,55499.99,0.001
1512770025,55499.99,0.001
1512770025,55479.99,0.018
1512770025,55350.0,0.151
1512770025,55499.99,0.003
1512770025,55499.99,0.002
1512770025,55499.99,0.00
1512770025,55500.0,0.451
1512770025,55499.99,0.00
1512770025,55499.99,0.00
1512770025,55499.99,0.001
1512770025,55499.99,0.001
1512770025,55499.99,0.002
1512770025,55400.0,0.682
1512770025,55499.99,0.007
1512770025,55346.0,0.074
1512770025,55479.99,0.018
1512770025,55499.99,0.00
1512770025,55499.99,0.00
1512770025,55400.0,0.098
1512770025,55479.99,0.018
1512770025,55499.99,0.359
1512770025,54999.99,0.156
1512770025,55499.99,0.001
1512770025,55000.0,0.394
1512770025,55479.99,0.002
1512770025,55499.99,0.006
1512770025,55499.99,0.001
1512770025,55499.99,0.00
1512770025,55499.99,0.007
1512770025,55479.99,0.00
1512770025,55479.99,0.006
1512770025,55499.99,0.001
1512770025,55499.99,0.007
1512770025,55499.99,0.002
1512770025,55499.99,0.007
1512770025,55499.99,0.001
1512770025,55479.99,0.002
1512770031,54950.0,0.002
1512770042,54950.0,1.00
1512770051,54664.0,0.077
1512770051,54900.0,0.003
1512770052,54664.0,0.037
1512770054,54900.0,0.002
1512770056,54900.0,0.01
1512770057,54950.0,0.081
1512770069,54900.0,0.091
1512770075,54900.0,0.027
1512770075,54900.0,0.017
1512770077,54900.0,0.012
1512770079,54900.0,0.024
1512770081,54810.0,0.022
1512770082,54810.0,0.464
1512770084,54901.0,0.126
1512770084,54810.0,0.022
1512770087,54810.0,0.001
1512770092,54810.0,0.01
1512770094,54895.05,0.001
1512770094,54895.05,0.001
1512770094,54900.0,0.009
1512770094,54810.0,0.001
1512770102,54895.05,0.011
1512770102,55000.0,0.124
1512770102,54895.05,0.00
1512770106,54810.0,0.075
1512770111,54810.0,0.002
1512770113,54820.0,0.024
1512770114,54820.0,0.007
1512770117,55000.0,0.091
1512770119,55000.0,0.002
1512770120,54949.99,0.00
1512770122,54895.05,0.027
1512770122,55000.0,0.008
1512770128,54820.0,0.039
1512770130,55000.0,0.002
1512770130,54895.05,0.001
1512770134,54895.05,0.09
1512770135,54949.99,0.007
1512770136,54820.0,0.001
1512770138,54949.99,0.004
1512770138,54895.05,0.001
1512770138,54895.05,0.003
1512770138,54820.0,0.046
1512770146,54895.05,0.001
1512770146,54949.99,0.002
1512770153,54820.0,0.213
1512770157,54820.0,0.046
1512770161,54820.0,0.046
1512770164,54949.99,0.087
1512770168,55000.0,0.055
1512770174,55000.0,0.003
1512770201,55000.0,0.715
1512770201,55000.0,0.215
1512770201,55000.0,0.13
1512770201,55000.0,0.085
1512770202,54949.99,0.004
1512770204,54951.0,0.011
1512770213,55000.0,0.038
1512770213,55000.0,0.053
1512770221,55000.0,0.00
1512770221,54951.01,0.12
1512770232,55000.0,0.537
1512770232,55000.0,0.325
1512770239,55000.0,0.182
1512770241,55000.0,0.223
1512770249,55050.0,0.006
1512770249,55000.0,0.058
1512770251,55300.0,0.095
1512770251,55100.0,0.004
1512770251,55050.0,0.015
1512770251,55342.0,0.032
1512770257,55000.0,0.00
1512770257,55050.0,0.001
1512770257,55050.0,0.002
1512770268,55350.0,0.036
1512770282,55000.0,0.006
1512770283,55000.0,0.06
1512770287,55200.0,0.081
1512770287,55150.0,0.009
1512770288,55200.0,0.009
1512770307,55200.0,0.091
1512770310,55200.0,0.002
1512770328,55200.0,0.281
1512770328,55200.0,0.027
1512770331,55190.0,0.123
1512770339,55190.0,0.001
1512770347,55190.0,0.001
1512770347,55190.0,0.001
1512770348,55190.0,0.018
1512770349,55190.0,0.058
1512770353,55150.0,0.00
1512770355,55065.02,0.005
1512770355,55060.0,0.005
1512770358,55150.0,0.178
1512770359,55150.0,0.412
1512770360,55055.01,0.005
1512770360,55000.0,0.002
1512770360,55056.0,0.059
1512770360,55000.01,0.007
1512770360,55059.0,0.032
1512770360,55010.01,0.011
1512770360,55000.01,0.001
1512770360,55010.0,0.198
1512770360,55055.01,0.001
1512770360,55000.0,0.397
1512770360,55055.01,0.006
1512770360,55055.01,0.005
1512770360,55000.0,0.686
1512770360,55060.0,0.235
1512770360,55000.01,0.001
1512770360,55055.01,0.001
1512770360,55055.01,0.001
1512770361,55150.0,0.035
1512770365,55000.0,0.19
1512770373,55150.0,0.001
1512770381,55057.0,0.009
1512770381,54999.99,0.006
1512770381,54999.99,0.003
1512770381,54999.99,0.001
1512770385,54999.99,0.006
1512770385,54951.01,0.002
1512770385,54999.99,0.003
1512770385,54999.99,0.001
1512770385,54999.99,0.001
1512770386,54951.01,0.001
1512770387,54951.01,0.005
1512770390,55150.0,0.001
1512770403,55150.0,0.001
1512770407,55150.0,0.00
1512770413,55000.0,0.018
1512770415,55150.0,0.006
1512770448,55149.0,0.002
1512770450,55149.0,0.001
1512770467,55149.0,0.01
1512770480,55149.0,0.005
1512770501,55055.02,0.003
1512770501,55055.01,0.017
1512770501,55003.1,0.312
1512770501,55055.02,0.002
1512770501,55110.08,0.002
1512770523,55149.0,0.075
1512770531,55149.0,0.105
1512770538,55149.0,0.002
1512770538,55150.0,0.049
1512770538,55149.0,0.003
1512770538,55149.0,0.042
1512770538,55152.8,0.06
1512770559,55149.0,0.00
1512770594,55148.99,0.12
1512770599,55149.0,0.001
1512770600,55149.0,0.005
1512770600,55149.0,0.004
1512770601,55149.0,0.011
1512770604,55151.0,0.11
1512770604,55152.8,0.096
1512770609,55156.69,0.216
1512770613,55150.01,0.006
1512770620,55159.92,0.077
1512770623,55159.92,0.29
1512770633,55163.67,0.004
1512770638,55163.67,0.102
1512770648,55163.67,0.001
1512770649,55167.3,0.16
1512770650,55167.3,0.094
1512770668,55173.78,0.017
1512770668,55170.46,0.141
1512770685,55173.78,0.002
1512770690,55173.78,0.137
1512770695,55170.01,0.01
1512770695,55170.0,0.27
1512770698,55170.0,0.002
1512770701,55167.3,0.011
1512770701,55163.67,0.003
1512770701,55163.67,0.198
1512770701,55170.0,0.008
1512770702,55163.67,0.002
1512770704,55170.0,0.412
1512770704,55150.01,0.01
1512770707,55177.28,0.003
1512770707,55173.78,0.032
1512770708,55150.0,0.895
1512770719,55150.01,0.01
1512770719,55101.0,0.002
1512770719,55062.0,0.001
1512770719,55177.28,0.07
1512770722,55177.28,0.03
1512770722,55177.28,0.005
1512770722,55150.01,0.00
1512770725,55177.28,0.005
1512770734,55150.0,0.049
1512770734,55167.29,0.002
1512770739,55150.0,0.336
1512770756,55167.0,0.012
1512770756,55170.0,0.287
1512770764,55167.0,0.001
1512770773,55167.0,0.039
1512770774,55101.01,0.005
1512770774,55101.0,0.132
1512770775,55101.0,0.003
1512770780,55101.0,0.406
1512770786,55167.0,0.008
1512770794,55167.0,0.021
1512770813,55180.0,0.005
1512770817,55187.43,0.005
1512770817,55180.37,0.128
1512770817,55180.0,0.003
1512770817,55187.44,0.11
1512770821,55180.37,0.006
1512770827,55187.44,0.006
1512770829,55180.37,0.018
1512770831,55180.37,0.104
1512770831,55180.37,0.00
1512770832,55187.44,0.039
1512770832,55180.37,0.018
1512770857,55187.44,0.036
1512770869,55187.44,0.065
1512770873,55187.44,0.018
1512770880,55175.0,0.001
1512770894,55199.0,0.181
1512770894,55187.44,0.027
1512770894,55191.11,0.256
1512770894,55197.84,0.257
1512770894,55194.58,0.106
1512770894,55201.31,0.173
1512770921,55201.31,0.20
1512770925,55201.31,0.001
1512770931,55204.57,0.235
1512770931,55200.0,0.001
1512770931,55200.01,0.005
1512770931,55201.31,0.024
1512770935,55207.69,0.013
1512770937,55207.69,0.242
1512770940,55207.69,0.00
1512770943,55207.69,0.007
1512770947,55207.69,0.005
1512770951,55211.53,0.002
1512770953,55207.69,0.002
1512770957,55211.53,0.384
1512770958,55214.8,0.002
1512770961,55214.8,0.261
1512770961,55211.53,0.002
1512770963,55214.8,0.003
1512770964,55218.18,0.002
1512770966,55214.8,0.002
1512770969,55218.18,0.002
1512770970,55218.18,0.068
1512770971,55214.8,0.002
1512770979,55218.18,0.212
1512770982,55221.99,0.018
1512770983,55221.99,0.007
1512770986,55218.18,0.036
1512770986,55218.18,0.001
1512770988,55221.99,0.004
1512770992,55221.99,0.063
1512770995,55221.99,0.02
1512770999,55221.99,0.001
1512771002,55221.99,0.004
1512771002,55221.99,0.01
1512771004,55221.99,0.088
1512771007,55221.99,0.036
1512771024,55225.37,0.065
1512771029,55225.37,0.044
1512771032,55232.54,0.117
1512771032,55229.06,0.153
1512771039,55236.01,0.214
1512771042,55236.01,0.002
1512771048,55232.54,0.002
1512771050,55236.01,0.125
1512771050,55242.78,0.27
1512771050,55246.26,0.148
1512771050,55249.61,0.279
1512771050,55239.26,0.357
1512771057,55236.01,0.00
1512771057,55300.0,0.00
1512771057,55345.0,0.178
1512771061,55355.54,0.258
1512771069,55490.0,0.038
1512771069,55450.0,0.002
1512771069,55490.0,0.074
1512771071,55490.0,0.198
1512771083,55499.0,0.35
1512771083,55499.99,0.266
1512771083,55490.0,0.771
1512771083,55499.99,0.006
1512771083,55499.0,0.50
1512771083,55500.0,0.663
1512771083,55240.87,0.164
1512771085,55300.0,0.018
1512771085,55500.0,0.091
1512771087,55244.31,0.051
1512771087,55244.31,0.049
1512771092,55244.31,0.005
1512771093,55240.0,0.108
1512771095,55240.01,0.108
1512771095,55244.31,0.007
1512771095,55244.31,0.02
1512771100,55240.01,0.005
1512771101,55240.01,1.232
1512771101,55244.31,0.222
1512771105,55248.15,0.003
1512771108,55248.15,0.10
1512771108,55254.62,0.385
1512771108,55251.26,0.384
1512771113,55241.0,0.444
1512771113,55240.0,0.43
1512771113,55240.0,0.036
1512771113,55254.62,0.007
1512771120,55254.62,0.002
1512771120,55257.69,0.144
1512771120,55261.62,0.326
1512771120,55267.95,0.295
1512771120,55264.8,0.333
1512771123,55271.33,0.101
1512771131,55271.33,0.002
1512771135,55271.33,0.003
1512771138,55270.0,0.02
1512771138,55270.0,0.29
1512771138,55271.0,0.02
1512771147,55271.0,0.01
1512771148,55271.0,0.01
1512771150,55270.0,0.01
1512771150,55271.0,0.042
1512771151,55270.0,0.565
1512771157,55245.0,0.018
1512771157,55237.1,0.062
1512771159,55237.1,0.119
1512771161,55271.32,0.13
1512771161,55270.0,0.01
1512771161,55271.33,0.122
1512771161,55275.09,0.26
1512771161,55237.1,0.079
1512771161,55237.0,0.025
1512771161,55237.0,0.004
1512771161,55237.1,0.001
1512771162,55245.01,0.084
1512771162,55237.0,0.06
1512771166,55237.0,0.004
1512771166,55237.0,0.004
1512771166,55237.0,0.047
1512771171,55275.09,0.08
1512771171,55278.2,0.174
1512771171,55281.95,0.394
1512771171,55299.5,0.391
1512771171,55289.35,0.157
1512771171,55296.03,0.125
1512771171,55285.48,0.382
1512771171,55292.65,0.351
1512771173,55270.0,0.008
1512771183,55300.0,0.009
1512771183,55300.0,0.00
1512771183,55300.0,0.001
1512771184,55324.81,0.17
1512771184,55310.33,0.398
1512771184,55328.33,0.343
1512771184,55335.44,0.188
1512771184,55321.39,0.222
1512771184,55318.04,0.285
1512771184,55331.92,0.238
1512771184,55306.6,0.392
1512771184,55314.1,0.27
1512771184,55300.0,0.508
1512771184,55302.84,0.122
1512771184,55300.0,0.001
1512771192,55335.44,0.029
1512771192,55339.29,0.358
1512771196,55496.0,0.004
1512771196,55496.0,0.007
1512771198,55335.44,0.002
1512771220,55492.0,0.158
1512771231,55496.0,0.005
1512771233,55493.0,0.025
1512771235,55492.0,0.085
1512771235,55493.0,0.055
1512771239,55496.0,0.004
1512771240,55499.0,0.128
1512771240,55500.0,0.077
1512771240,55496.0,0.011
1512771249,55499.0,0.016
1512771258,55500.0,0.01
1512771268,55500.0,0.029
1512771273,55499.0,0.038
1512771273,55500.0,0.228
1512771277,55500.0,0.004
1512771291,55499.0,0.00
1512771293,55500.0,0.45
1512771298,55500.0,0.037
1512771301,55500.0,0.158
1512771305,55500.0,0.02
1512771322,55500.0,0.01
1512771332,55492.0,0.024
1512771332,55498.99,0.001
1512771332,55498.99,0.001
1512771332,55499.0,0.053
1512771332,55499.0,0.016
1512771347,55500.0,0.05
1512771347,55492.0,0.015
1512771350,55399.06,0.049
1512771350,55492.0,0.149
1512771350,55395.68,0.05
1512771350,55450.0,0.002
1512771376,55499.01,0.003
1512771385,55395.68,0.007
1512771385,55401.0,0.104
1512771385,55392.4,0.042
1512771385,55400.01,0.005
1512771385,55388.74,0.024
1512771395,55388.74,0.048
1512771395,55385.25,0.051
1512771401,55385.25,0.02
1512771409,55385.25,0.00
1512771423,55393.0,0.001
1512771423,55395.69,0.00
1512771458,55393.0,0.00
1512771470,55400.0,0.003
1512771474,55400.0,0.02
1512771504,55499.0,0.026
1512771504,55498.99,0.013
1512771504,55500.0,0.002
1512771504,55499.99,0.00
1512771537,55402.06,0.001
1512771545,55400.03,0.003
1512771551,55400.02,0.009
1512771560,55400.03,0.00
1512771572,55400.02,0.031
1512771572,55400.03,0.004
1512771572,55400.01,0.001
1512771572,55400.02,0.018
1512771572,55400.0,0.157
1512771572,55400.01,0.01
1512771577,55400.0,0.004
1512771577,55400.0,0.04
1512771580,55400.0,0.064
1512771593,55400.01,0.037
1512771598,55400.01,0.063
1512771607,55400.0,0.422
1512771608,55500.0,0.002
1512771609,55400.0,0.091
1512771614,55400.01,0.04
1512771621,55400.0,1.432
1512771623,55400.0,0.02
1512771625,55400.0,0.00
1512771629,55400.0,0.00
1512771630,55400.0,0.061
1512771630,55400.0,0.02
1512771634,55400.03,0.016
1512771647,55382.06,0.075
1512771647,55367.98,0.024
1512771647,55375.01,0.078
1512771647,55378.22,0.082
1512771647,55371.32,0.06
1512771647,55393.0,0.039
1512771647,55385.25,0.007
1512771647,55388.01,0.04
1512771666,55370.01,0.01
1512771666,55367.98,0.034
1512771666,55364.43,0.005
1512771688,55449.0,0.026
1512771709,55444.0,0.003
1512771709,55440.0,0.018
1512771709,55449.0,0.261
1512771709,55400.0,0.005
1512771709,55452.7,0.064
1512771709,55420.0,0.05
1512771712,55364.43,0.005
1512771712,55369.01,0.005
1512771712,55365.0,0.005
1512771714,55452.7,0.00
1512771714,55360.62,0.024
1512771714,55364.43,0.062
1512771720,55452.7,0.001
1512771738,55452.7,0.014
1512771741,55452.7,0.036
1512771754,55451.1,0.007
1512771791,55451.1,0.002
1512771793,55451.1,0.001
1512771793,55444.93,0.015
1512771802,55451.0,0.012
1512771802,55451.1,0.01
1512771818,55414.01,0.01
1512771818,55404.05,0.012
1512771818,55420.64,0.032
1512771818,55444.93,0.02
1512771818,55445.0,0.009
1512771818,55451.0,0.201
1512771818,55423.85,0.086
1512771818,55437.51,0.026
1512771818,55434.14,0.052
1512771818,55410.85,0.017
1512771818,55431.0,0.033
1512771818,55441.27,0.089
1512771818,55427.19,0.032
1512771818,55407.82,0.046
1512771818,55399.99,0.00
1512771818,55400.84,0.025
1512771818,55397.7,0.028
1512771818,55417.03,0.023
1512771825,55397.7,0.004
1512771829,55451.1,0.006
1512771829,55451.1,0.088
1512771838,55451.1,0.019
1512771845,55397.7,0.001
1512771849,55397.7,0.025
1512771877,55397.7,0.016
1512771877,55390.59,0.032
1512771877,55394.41,0.015
1512771879,55390.59,0.054
1512771879,55370.98,0.087
1512771879,55381.07,0.012
1512771879,55384.25,0.047
1512771879,55374.15,0.067
1512771879,55377.37,0.024
1512771879,55387.49,0.072
1512771904,55444.0,0.002
1512771918,55357.14,0.08
1512771918,55353.96,0.073
1512771918,55359.0,0.001
1512771918,55350.51,0.051
1512771918,55370.98,0.002
1512771918,55360.62,0.019
1512771919,55444.0,0.05
1512771919,55444.0,0.008
1512771920,55444.0,0.002
1512771927,55347.43,0.064
1512771927,55340.89,0.056
1512771927,55326.26,0.051
1512771927,55333.94,0.088
1512771927,55337.18,0.017
1512771927,55344.4,0.064
1512771927,55335.44,0.005
1512771927,55444.0,0.022
1512771927,55330.23,0.063
1512771927,55350.51,0.001
1512771938,55400.0,0.007
1512771938,55322.38,0.006
1512771938,55326.26,0.019
1512771956,55439.0,0.001
1512771959,55322.38,0.003
1512771974,55322.38,0.018
1512772004,55399.0,0.00
1512772007,55323.01,0.004
1512772007,55323.01,0.02
1512772007,55323.01,0.035
1512772007,55323.01,0.01
1512772035,55327.44,0.005
1512772062,55218.19,0.00
1512772062,55182.74,0.035
1512772062,55323.0,0.01
1512772062,55324.0,0.01
1512772062,55179.24,0.078
1512772062,55197.63,0.033
1512772062,55307.92,0.023
1512772062,55240.0,0.01
1512772062,55158.78,0.076
1512772062,55172.42,0.064
1512772062,55152.45,0.009
1512772062,55315.28,0.028
1512772062,55176.13,0.061
1512772062,55300.98,0.063
1512772062,55193.97,0.024
1512772062,55186.58,0.046
1512772062,55218.19,0.00
1512772062,55155.76,0.07
1512772062,55169.12,0.05
1512772062,55323.01,0.022
1512772062,55218.19,0.00
1512772062,55165.64,0.083
1512772062,55218.18,0.002
1512772062,55318.65,0.02
1512772062,55311.7,0.032
1512772062,55162.24,0.074
1512772062,55322.38,0.035
1512772062,55304.21,0.026
1512772062,55190.12,0.071
1512772078,55326.4,0.069
1512772082,55152.45,0.006
1512772083,55152.45,0.015
1512772089,55152.45,0.004
1512772090,55300.0,0.004
1512772099,55300.0,0.01
1512772099,55162.97,0.001
1512772105,55150.0,0.01
1512772105,55148.65,0.01
1512772110,55152.45,0.002
1512772111,55300.0,0.09
1512772115,55300.0,0.035
1512772117,55148.65,0.005
1512772118,55148.65,0.00
1512772118,55300.0,0.09
1512772125,55299.99,0.092
1512772125,55300.0,0.269
1512772139,55299.99,0.004
1512772142,55149.0,0.00
1512772142,55148.65,0.006
1512772142,55149.0,0.004
1512772149,55299.0,0.004
1512772156,55162.97,0.001
1512772157,55162.97,0.001
1512772166,55160.56,0.14
1512772168,55149.0,0.033
1512772168,55160.56,0.004
1512772170,55162.97,0.00
1512772172,55162.97,0.002
1512772172,55162.97,0.003
1512772175,55163.98,0.001
1512772181,55128.91,0.033
1512772181,55145.34,0.067
1512772181,55134.99,0.086
1512772181,55125.03,0.011
1512772181,55148.65,0.009
1512772181,55138.16,0.012
1512772181,55121.56,0.008
1512772182,55162.97,0.002
1512772182,55163.98,0.004
1512772185,55121.56,0.02
1512772186,55163.98,0.075
1512772191,55167.67,0.316
1512772196,55171.59,0.222
1512772199,55171.59,0.02
1512772199,55107.77,0.008
1512772199,55171.59,0.094
1512772199,55167.67,0.10
1512772199,55110.97,0.079
1512772199,55163.98,0.003
1512772199,55114.1,0.09
1512772199,55163.98,0.004
1512772199,55118.09,0.024
1512772199,55121.56,0.036
1512772200,55178.38,0.205
1512772200,55181.73,0.123
1512772200,55175.07,0.125
1512772206,55181.73,0.02
1512772206,55181.73,0.02
1512772210,55181.73,0.019
1512772210,55181.73,0.01
1512772212,55181.73,0.001
1512772213,55178.38,0.01
1512772215,55181.0,0.019
1512772220,55185.27,0.001
1512772220,55185.27,0.161
1512772223,55178.38,0.007
1512772223,55181.0,0.00
1512772223,55107.77,0.05
1512772223,55181.0,0.001
1512772223,55175.07,0.02
1512772223,55175.07,0.031
1512772223,55185.27,0.01
1512772225,55185.27,0.007
1512772225,55185.27,0.001
1512772225,55185.27,0.101
1512772226,55185.27,0.015
1512772226,55185.27,0.051
1512772229,55189.25,0.18
1512772230,55189.25,0.001
1512772233,55189.25,0.033
1512772238,55192.56,0.007
1512772238,55185.27,0.005
1512772238,55186.0,0.045
1512772238,55175.07,0.143
1512772238,55185.27,0.001
1512772261,55190.0,0.001
1512772262,55190.0,0.006
1512772265,55163.97,0.001
1512772265,55100.14,0.032
1512772265,55163.97,0.001
1512772265,55103.92,0.032
1512772265,55163.97,0.003
1512772265,55097.87,0.08
1512772265,55090.67,0.068
1512772265,55084.57,0.032
1512772265,55163.97,0.003
1512772265,55087.59,0.032
1512772265,55163.97,0.001
1512772265,55093.89,0.072
1512772265,55175.07,0.045
1512772265,55189.99,0.03
1512772266,55189.99,0.006
1512772269,55189.99,0.006
1512772269,55189.99,0.058
1512772273,55189.99,0.006
1512772273,55189.99,0.058
1512772274,55084.57,0.002
1512772277,55189.99,0.006
1512772280,55084.57,0.016
1512772282,55189.99,0.006
1512772282,55189.99,0.026
1512772286,55180.0,0.005
1512772286,55180.0,0.01
1512772287,55084.57,0.011
1512772290,55180.0,0.01
1512772322,55084.57,0.001
1512772322,55084.57,0.001
1512772322,55084.57,0.001
1512772326,55100.0,0.003
1512772326,55084.57,0.01
1512772327,55081.08,0.019
1512772327,55084.57,0.01
1512772329,55084.57,0.006
1512772332,55100.0,0.00
1512772332,55100.0,0.013
1512772334,55100.0,0.024
1512772334,55100.0,0.00
1512772334,55084.57,0.002
1512772334,55081.08,0.001
1512772337,55067.76,0.078
1512772337,55081.08,0.04
1512772337,55077.88,0.077
1512772337,55061.0,0.00
1512772337,55070.98,0.076
1512772337,55074.13,0.049
1512772337,55064.25,0.057
1512772337,55137.37,0.00
1512772337,55137.37,0.001
1512772341,55160.0,0.003
1512772345,55160.0,0.381
1512772349,55180.0,0.019
1512772350,55060.9,0.002
1512772350,55160.0,0.003
1512772353,55180.0,0.098
1512772371,55100.0,0.012
1512772378,55060.9,0.067
1512772396,55054.06,0.041
1512772396,55055.02,0.002
1512772396,55057.17,0.01
1512772396,55055.02,0.002
1512772396,55050.86,0.017
1512772396,55055.02,0.002
1512772396,55055.02,0.002
1512772397,55060.9,0.001
1512772401,55057.17,0.01
1512772401,55057.17,0.026
1512772411,55050.86,0.018
1512772416,55050.86,0.036
1512772432,55044.39,0.012
1512772432,55036.53,0.089
1512772432,55047.55,0.041
1512772432,55040.5,0.038
1512772439,55032.68,0.047
1512772442,55049.0,0.069
1512772457,55040.0,0.021
1512772462,55040.0,0.139
1512772465,55040.0,0.071
1512772471,55040.0,0.018
1512772473,55040.0,0.01
1512772474,55040.0,0.018
1512772477,55040.0,0.001
1512772477,55040.0,0.032
1512772479,55018.61,0.038
1512772479,55032.68,0.042
1512772479,55000.01,0.002
1512772479,55000.01,0.002
1512772479,55000.01,0.002
1512772479,55000.01,0.002
1512772479,55015.08,0.051
1512772479,55022.0,0.021
1512772479,55000.01,0.002
1512772479,55011.29,0.039
1512772479,55000.01,0.002
1512772479,55029.56,0.039
1512772479,55000.01,0.002
1512772479,55000.01,0.002
1512772479,55000.9,0.02
1512772479,55000.01,0.002
1512772479,55025.78,0.018
1512772479,55000.01,0.002
1512772486,55000.01,0.00
1512772486,55000.01,0.001
1512772493,55002.0,0.002
1512772493,55000.01,0.005
1512772502,55000.0,0.00
1512772502,55000.0,0.032
1512772502,55000.0,0.013
1512772518,55000.0,0.498
1512772518,55039.99,0.002
1512772530,55039.99,0.001
1512772530,55039.99,0.001
1512772530,55000.0,0.023
1512772530,55039.99,0.001
1512772530,55039.99,0.002
1512772530,55039.99,0.002
1512772536,55039.99,0.001
1512772552,55000.0,0.012
1512772552,55000.0,0.00
1512772576,54950.0,0.01
1512772587,55000.0,0.096
1512772602,54950.0,0.024
1512772602,54999.99,0.001
1512772602,54999.99,0.001
1512772602,54999.99,0.001
1512772608,54989.98,0.008
1512772611,54989.98,0.011
1512772618,54950.0,0.00
1512772628,54950.0,0.015
1512772628,54950.01,0.005
1512772629,54980.0,0.092
1512772641,54995.0,0.31
1512772641,54980.0,0.091
1512772643,54950.0,0.001
1512772643,54950.0,0.102
1512772645,54995.0,0.187
1512772654,54995.0,0.183
1512772654,54950.0,0.07
1512772658,54949.99,0.00
1512772664,55000.0,0.485
1512772664,55000.0,0.979
1512772664,54999.99,0.02
1512772671,55000.0,0.173
1512772706,54811.05,0.00
1512772706,54949.99,0.001
1512772706,54949.98,0.004
1512772706,54949.99,0.011
1512772706,54900.01,0.005
1512772706,54100.0,0.227
1512772706,54949.99,0.002
1512772706,54949.98,0.006
1512772706,54664.0,0.085
1512772706,54500.0,0.019
1512772706,54899.99,0.005
1512772706,54949.99,0.006
1512772706,54501.0,0.096
1512772706,54100.01,0.10
1512772706,54949.98,0.011
1512772706,54949.98,0.003
1512772706,54100.0,0.002
1512772706,54949.99,0.001
1512772706,54101.0,0.185
1512772706,54949.99,0.002
1512772706,54663.99,0.001
1512772706,54900.0,0.018
1512772706,54215.0,0.029
1512772706,54501.01,0.13
1512772706,54501.0,0.011
1512772706,54500.0,0.004
1512772706,54949.99,0.002
1512772706,54949.99,0.005
1512772721,54100.0,0.006
1512772732,54100.0,0.009
1512772747,54150.0,0.033
1512772765,54300.0,0.062
1512772769,54949.99,0.003
1512772769,55050.0,0.002
1512772783,54940.99,0.255
1512772808,54900.0,0.02
1512772809,54302.0,0.00
1512772809,54400.0,0.011
1512772811,54302.0,0.011
1512772814,54302.0,0.011
1512772816,54302.0,0.011
1512772827,54450.0,0.705
1512772827,54460.0,0.051
1512772827,54900.0,0.042
1512772827,54900.0,0.017
1512772836,54900.0,0.006
1512772836,54920.0,0.031
1512772836,54940.0,0.025
1512772837,54940.0,0.011
1512772838,54940.0,0.02
1512772842,54899.0,12.787
1512772853,54500.0,15.543
1512772853,54500.0,0.243
1512772867,54500.0,0.243
1512772867,54500.0,1.588
1512772867,54500.0,0.002
1512772877,54860.0,0.007
1512772879,54880.0,0.123
1512772882,54880.0,0.032
1512772888,54860.0,0.028
1512772895,54880.0,0.088
1512772898,54895.0,0.005
1512772912,54892.0,0.011
1512772914,54892.0,0.006
1512772917,54897.0,0.01
1512772926,54897.0,0.016
1512772926,54900.0,0.002
1512772929,54900.0,0.008
1512772930,55000.0,0.005
1512772933,55000.0,0.183
1512772937,54900.0,0.002
1512772940,54892.0,0.017
1512772941,54865.0,0.014
1512772941,54892.0,0.00
1512772947,54900.29,0.01
1512772952,54903.41,0.109
1512772952,54900.29,0.191
1512772963,54867.0,0.02
1512772965,54901.0,0.004
1512772981,54867.0,0.11
1512772981,54901.0,0.006
1512773022,54903.41,0.029
1512773024,54903.41,0.018
1512773031,54900.0,0.015
1512773033,54903.41,0.036
1512773033,54898.32,0.073
1512773033,54880.08,0.085
1512773033,54890.73,0.022
1512773033,54876.31,0.032
1512773033,54886.91,0.082
1512773033,54883.74,0.02
1512773033,54894.52,0.087
1512773034,54876.31,0.001
1512773036,54903.41,0.125
1512773037,54876.31,0.002
1512773047,54876.31,0.021
1512773061,54880.0,0.009
1512773076,54880.0,0.009
1512773163,54899.99,0.005
1512773186,54899.99,0.025
1512773206,54899.0,0.038
1512773206,54898.31,0.005
1512773206,54898.31,0.003
1512773206,54899.0,0.005
1512773211,54898.31,0.002
1512773219,54898.3,0.011
1512773221,54888.0,0.003
1512773234,54880.0,0.007
1512773234,54888.0,0.002
1512773256,54876.32,0.001
1512773256,54869.43,0.064
1512773256,54877.0,0.005
1512773256,54877.0,0.004
1512773256,54876.31,0.003
1512773256,54873.19,0.031
1512773256,54877.0,0.005
1512773284,54869.43,0.02
1512773319,54866.1,0.009
1512773324,54880.0,0.001
1512773324,54880.0,0.001
1512773324,54895.0,0.003
1512773326,54866.1,0.015
1512773326,54862.7,0.022
1512773355,54848.17,0.044
1512773355,54851.72,0.066
1512773355,54837.79,0.069
1512773355,54844.54,0.034
1512773355,54841.18,0.034
1512773355,54834.4,0.031
1512773355,54859.15,0.079
1512773355,54855.67,0.063
1512773371,54862.7,0.001
1512773374,54862.7,0.181
1512773382,54860.0,0.005
1512773384,54860.0,0.015
1512773397,54850.0,0.05
1512773461,54850.0,0.243
1512773468,54850.0,0.02
1512773473,54835.0,0.196
1512773505,54850.0,0.399
1512773509,54835.0,0.606
1512773527,54835.0,0.007
1512773610,54835.0,0.027
1512773627,54928.9,0.239
1512773627,54914.49,0.276
1512773627,54950.14,0.336
1512773627,54903.41,0.013
1512773627,54918.23,0.308
1512773627,54957.0,0.124
1512773627,54862.7,1.781
1512773627,54850.0,1.273
1512773627,54906.91,0.145
1512773627,54936.4,0.388
1512773627,54939.58,0.206
1512773627,54921.51,0.304
1512773627,54889.95,0.098
1512773627,54932.0,2.744
1512773627,54910.74,0.209
1512773627,54932.58,0.104
1512773627,54888.0,0.019
1512773627,54900.0,0.183
1512773627,54925.24,0.377
1512773627,54946.53,0.303
1512773627,54953.83,0.182
1512773627,54895.0,0.004
1512773627,54887.0,0.10
1512773627,54943.15,0.258
1512773630,54835.0,0.002
1512773698,54957.0,0.078
1512773708,54869.58,0.034
1512773708,54872.65,0.039
1512773721,54957.0,0.01
1512773741,54950.0,0.004
1512773749,54917.54,0.001
1512773753,54921.5,0.005
1512773759,54950.0,0.012
1512773783,54939.07,0.061
1512773783,54936.01,0.014
1512773799,54937.0,0.002
1512773801,54949.98,0.004
1512773802,54949.98,0.003
1512773816,54834.4,0.01
1512773816,54913.78,0.034
1512773816,54875.73,0.055
1512773816,54844.61,0.059
1512773816,54834.99,0.006
1512773816,54835.0,0.005
1512773816,54865.87,0.051
1512773816,54835.0,0.004
1512773816,54906.49,0.039
1512773816,54834.99,0.006
1512773816,54862.8,0.015
1512773816,54852.17,0.04
1512773816,54936.01,0.069
1512773816,54885.81,0.035
1512773816,54848.21,0.066
1512773816,54932.79,0.03
1512773816,54835.0,0.00
1512773816,54925.03,0.075
1512773816,54889.44,0.062
1512773816,54869.58,0.021
1512773816,54834.99,0.006
1512773816,54834.99,0.006
1512773816,54928.91,0.019
1512773816,54855.49,0.09
1512773816,54917.54,0.053
1512773816,54831.15,0.054
1512773816,54896.38,0.055
1512773816,54937.0,0.008
1512773816,54903.0,0.027
1512773816,54840.68,0.032
1512773816,54921.5,0.071
1512773816,54824.71,0.027
1512773816,54858.99,0.063
1512773816,54910.47,0.037
1512773816,54828.06,0.016
1512773816,54892.57,0.087
1512773816,54881.92,0.065
1512773816,54878.76,0.016
1512773816,54900.0,1.23
1512773816,54899.84,0.066
1512773829,54949.98,0.024
1512773832,54949.98,0.051
1512773840,54949.98,0.121
1512773840,54950.0,0.06
1512773840,54949.98,0.018
1512773863,54950.0,0.165
1512773895,54949.0,0.002
1512773932,54852.0,0.018
1512773934,54950.0,0.684
1512773934,54949.0,0.089
1512773993,54940.0,0.009
1512773993,54949.9,0.009
1512773995,54852.0,0.048
1512774001,54949.9,0.009
1512774001,54950.0,0.037
1512774062,54949.8,0.00
1512774088,54949.0,0.002
1512774114,54949.0,0.064
1512774121,54949.0,0.001
1512774161,54948.9,0.008
1512774206,54900.0,0.001
1512774226,54948.9,0.007
1512774257,54948.9,0.033
1512774257,54949.99,0.176
1512774257,54949.0,0.005
1512774288,54902.01,0.004
1512774294,54902.01,0.006
1512774305,54902.01,0.028
1512774308,54902.01,0.028
1512774338,54902.01,0.01
1512774358,54901.0,0.46
1512774358,54902.0,0.006
1512774363,54902.01,0.00
1512774363,54902.01,0.009
1512774424,54950.0,0.013
1512774424,54902.01,0.005
1512774440,54950.0,0.004
1512774443,54949.0,12.787
1512774447,54949.0,0.005
1512774447,54901.0,0.085
1512774450,54957.07,0.139
1512774450,54992.68,0.228
1512774450,54967.36,0.271
1512774450,54970.6,0.29
1512774450,54980.88,0.19
1512774450,54973.92,0.155
1512774450,54984.86,0.383
1512774450,54995.71,0.391
1512774450,54950.0,0.193
1512774450,54977.03,0.177
1512774450,54960.59,0.312
1512774450,54950.0,0.018
1512774450,54957.0,2.966
1512774450,54998.0,12.787
1512774450,54988.83,0.261
1512774450,54963.88,0.347
1512774453,54999.0,0.545
1512774460,54999.0,0.225
1512774464,54999.05,0.247
1512774470,55000.87,0.011
1512774470,55000.0,0.004
1512774484,55022.63,0.179
1512774484,55044.22,0.377
1512774484,55029.78,0.166
1512774484,55004.39,0.326
1512774484,55054.73,0.176
1512774484,55049.0,0.10
1512774484,55026.41,0.389
1512774484,55060.0,12.765
1512774484,55051.36,0.315
1512774484,55015.63,0.176
1512774484,55008.28,0.299
1512774484,55047.58,0.243
1512774484,55037.01,0.394
1512774484,55011.9,0.319
1512774484,55033.1,0.111
1512774484,55000.87,0.149
1512774484,55040.49,0.344
1512774484,55018.77,0.285
1512774484,55058.53,0.327
1512774497,55061.9,0.002
1512774518,55061.9,0.075
1512774520,55061.9,0.074
1512774520,55065.24,0.111
1512774521,55076.32,0.341
1512774521,55097.34,0.317
1512774521,55086.41,0.165
1512774521,55065.24,0.221
1512774521,55082.72,0.15
1512774521,55079.61,0.117
1512774521,55089.55,0.292
1512774521,55093.5,0.241
1512774521,55069.21,0.221
1512774521,55072.82,0.282
1512774538,55192.56,0.001
1512774541,55192.56,0.293
1512774541,55196.18,0.183
1512774543,55199.72,0.117
1512774553,55210.13,0.203
1512774553,55206.33,0.339
1512774553,55200.0,0.01
1512774553,55199.72,0.248
1512774553,55202.74,0.203
1512774566,55195.0,0.034
1512774569,55210.13,0.111
1512774592,55195.0,0.211
1512774599,55213.85,0.006
1512774603,55213.84,0.13
1512774605,55200.0,0.071
1512774620,55213.85,0.03
1512774632,55213.85,0.214
1512774637,55217.71,0.111
1512774653,55217.71,0.001
1512774662,55217.71,0.005
1512774704,55200.0,0.071
1512774704,55200.01,0.00
1512774704,55200.01,0.10
1512774704,55201.02,0.00
1512774710,55231.6,0.18
1512774710,55242.6,0.32
1512774710,55228.04,0.35
1512774710,55220.86,0.11
1512774710,55235.32,0.245
1512774710,55238.85,0.288
1512774710,55248.87,0.334
1512774710,55239.0,2.786
1512774710,55245.62,0.304
1512774710,55224.69,0.141
1512774710,55217.71,0.10
1512774715,55152.45,0.002
1512774715,55152.45,0.002
1512774717,55097.34,0.011
1512774724,55252.07,0.264
1512774724,55267.0,1.468
1512774724,55259.01,0.18
1512774724,55249.99,0.13
1512774724,55255.44,0.35
1512774724,55250.0,0.155
1512774724,55097.34,0.175
1512774730,55003.0,0.243
1512774730,55001.0,0.007
1512774739,55097.34,0.005
1512774748,55298.0,0.015
1512774774,55298.0,0.064
1512774788,55298.0,0.106
1512774797,55299.0,0.009
1512774798,55298.0,0.092
1512774802,55298.0,0.02
1512774811,55298.0,0.011
1512774821,55256.86,0.053
1512774821,55263.51,0.045
1512774821,55253.06,0.005
1512774821,55259.99,0.081
1512774837,55297.0,0.002
1512774872,55190.18,0.035
1512774872,55200.31,0.059
1512774872,55197.5,0.053
1512774872,55204.2,0.025
1512774872,55193.59,0.017
1512774872,55246.34,0.083
1512774872,55273.88,0.079
1512774872,55280.89,0.056
1512774872,55267.46,0.047
1512774872,55226.1,0.031
1512774872,55215.5,0.024
1512774872,55236.88,0.063
1512774872,55230.08,0.037
1512774872,55222.16,0.055
1512774872,55212.14,0.073
1512774872,55291.6,0.036
1512774872,55284.06,0.063
1512774872,55270.62,0.089
1512774872,55249.89,0.059
1512774872,55243.25,0.069
1512774872,55277.72,0.066
1512774872,55287.78,0.025
1512774872,55295.2,0.027
1512774872,55218.88,0.016
1512774872,55208.16,0.073
1512774872,55233.23,0.065
1512774872,55253.06,0.04
1512774872,55240.17,0.014
1512774872,55205.0,17.877
1512774876,55295.0,0.095
1512774898,55142.16,0.036
1512774898,55117.95,0.057
1512774898,55127.9,0.072
1512774898,55114.87,0.032
1512774898,55131.5,0.082
1512774898,55148.64,0.031
1512774898,55134.99,0.025
1512774898,55110.88,0.001
1512774898,55124.84,0.056
1512774898,55138.76,0.038
1512774898,55121.48,0.048
1512774902,55297.99,0.001
1512774904,55110.88,0.036
1512774904,54937.8,0.022
1512774904,54904.21,0.05
1512774904,54927.58,0.071
1512774904,54913.99,0.052
1512774904,54977.38,0.086
1512774904,55001.0,0.243
1512774904,54974.26,0.087
1512774904,54990.5,0.089
1512774904,54907.27,0.016
1512774904,54951.41,0.044
1512774904,55013.37,0.075
1512774904,54984.44,0.063
1512774904,54924.12,0.022
1512774904,54947.55,0.037
1512774904,54993.69,0.019
1512774904,54987.45,0.089
1512774904,55100.3,0.021
1512774904,54930.72,0.014
1512774904,55107.81,0.042
1512774904,54997.64,0.083
1512774904,54910.34,0.013
1512774904,54941.37,0.045
1512774904,54921.07,0.087
1512774904,54980.78,0.034
1512774904,54970.75,0.083
1512774904,55103.84,0.052
1512774904,54944.51,0.025
1512774904,54967.38,0.045
1512774904,54934.47,0.045
1512774904,54954.42,0.019
1512774904,54957.48,0.022
1512774904,54917.78,0.054
1512774904,54960.59,0.064
1512774904,54963.86,0.047
1512774918,54904.22,0.001
1512774933,55270.0,0.112
1512774939,54905.99,0.03
1512774947,54905.99,0.00
1512774959,54905.0,0.129
1512774959,54905.99,0.00
1512774964,54905.99,0.003
1512774969,54905.99,0.007
1512774970,54905.0,3.324
1512774970,54905.0,0.01
1512774991,54909.15,0.044
1512774991,54905.99,0.173
1512774993,54905.0,0.182
1512775001,54904.21,0.002
1512775034,54901.01,0.009
1512775034,54904.21,0.027
1512775034,54901.01,0.009
1512775034,54901.01,0.009
1512775034,54901.01,0.009
1512775034,54901.01,0.009
1512775061,54909.15,0.003
1512775067,54900.0,0.01
1512775067,54900.0,0.063
1512775067,54900.34,0.016
1512775067,54900.0,0.011
1512775105,54901.0,0.087
1512775139,54900.0,0.001
1512775139,54901.0,0.009
1512775141,54900.0,0.094
1512775141,54900.0,0.072
1512775144,54897.71,0.001
1512775152,54897.71,0.018
1512775175,54897.71,0.048
1512775182,54893.94,0.014
1512775268,54883.11,0.087
1512775268,54879.61,0.086
1512775268,54890.66,0.03
1512775268,54886.71,0.057
1512775268,54873.01,0.044
1512775268,54893.94,0.026
1512775268,54876.55,0.024
1512775268,54869.36,0.002
1512775351,54894.0,0.00
1512775388,54894.0,0.112
1512775388,54899.99,0.094
1512775388,54869.36,0.082
1512775391,54900.71,0.007
1512775403,54900.71,0.001
1512775414,54900.71,0.006
1512775431,54909.0,0.008
1512775431,54900.71,0.006
1512775435,54896.1,0.31
1512775481,54909.0,0.001
1512775506,54909.0,0.222
1512775506,54909.15,0.004
1512775513,54824.72,0.001
1512775513,54862.88,0.085
1512775513,54866.04,0.013
1512775513,54828.16,0.037
1512775513,54896.11,0.003
1512775513,54838.93,0.028
1512775513,54896.11,0.003
1512775513,54896.11,0.003
1512775513,54896.1,0.28
1512775513,54821.62,0.077
1512775513,54806.87,0.012
1512775513,54856.17,0.054
1512775513,54842.49,0.023
1512775513,54852.93,0.086
1512775513,54818.33,0.057
1512775513,54811.36,0.049
1512775513,54817.83,0.022
1512775513,54824.96,0.089
1512775513,54859.45,0.061
1512775513,54869.36,0.003
1512775513,54821.75,0.015
1512775513,54835.42,0.045
1512775513,54831.45,0.083
1512775513,54896.11,0.003
1512775513,54849.56,0.071
1512775513,54824.71,0.045
1512775513,54813.95,0.081
1512775513,54896.11,0.003
1512775513,54896.11,0.003
1512775513,54845.97,0.045
1512775513,54894.1,0.10
1512775513,54810.15,0.03
1512775513,54896.11,0.003
1512775513,54807.95,0.067
1512775513,54896.11,0.003
1512775513,54896.11,0.003
1512775535,54909.15,0.186
1512775542,54909.15,0.036
1512775573,54807.0,0.008
1512775624,54912.18,0.08
1512775625,54912.18,0.035
1512775634,54912.18,0.00
1512775646,54809.0,0.019
1512775652,54912.18,0.052
1512775687,54912.0,0.004
1512775697,54912.0,0.05
1512775703,54912.0,0.00
1512775710,54912.0,0.17
1512775710,54915.77,0.016
1512775710,54912.18,0.032
1512775728,54915.77,0.002
1512775746,54809.0,0.00
1512775750,54915.77,0.003
1512775776,54915.77,0.058
1512775798,54915.77,0.162
1512775798,54914.0,0.02
1512775802,54915.77,0.00
1512775818,54900.0,0.002
1512775831,54810.0,0.002
1512775831,54806.87,0.00
1512775831,54809.0,0.001
1512775882,54915.77,0.023
1512775882,54899.0,0.051
1512775896,54916.0,0.018
1512775932,54916.0,0.012
1512775963,54919.34,0.071
1512775968,54917.0,11.184
1512775973,54916.0,0.146
1512776023,54925.99,0.124
1512776023,54944.52,0.245
1512776023,54958.5,0.214
1512776023,54933.6,0.357
1512776023,54956.0,2.787
1512776023,54937.42,0.226
1512776023,54966.23,0.391
1512776023,54919.34,0.282
1512776023,54954.69,0.267
1512776023,54962.42,0.173
1512776023,54991.44,0.135
1512776023,54929.97,0.318
1512776023,54941.39,0.209
1512776023,54976.98,0.345
1512776023,54995.34,0.228
1512776023,54987.67,0.233
1512776023,54969.65,0.153
1512776023,54922.51,0.16
1512776023,54951.2,0.312
1512776023,54983.71,0.358
1512776023,54973.38,0.28
1512776023,54939.0,1.744
1512776023,54948.1,0.297
1512776023,54980.66,0.212
1512776023,54982.0,2.787
1512776038,54998.46,0.001
1512776039,54990.0,0.011
1512776044,54990.0,0.007
1512776047,55050.75,0.313
1512776047,55007.51,0.398
1512776047,55065.66,0.142
1512776047,55013.59,0.242
1512776047,55016.79,0.204
1512776047,55030.13,0.115
1512776047,55023.65,0.233
1512776047,55010.58,0.322
1512776047,55043.46,0.231
1512776047,55019.9,0.269
1512776047,55036.82,0.145
1512776047,54998.46,0.321
1512776047,55000.81,0.302
1512776047,55058.42,0.273
1512776047,55004.29,0.395
1512776047,55033.49,0.31
1512776047,55046.89,0.187
1512776047,55026.8,0.379
1512776047,55062.11,0.388
1512776047,55054.67,0.25
1512776047,55040.18,0.262
1512776048,54990.0,0.005
1512776055,54992.0,0.018
1512776055,54990.0,12.745
1512776067,55076.06,0.253
1512776067,55087.35,0.153
1512776067,55072.76,0.235
1512776067,55093.78,0.269
1512776067,55090.42,0.275
1512776067,55079.75,0.304
1512776067,55083.55,0.116
1512776067,55069.07,0.335
1512776067,55097.51,0.284
1512776072,55300.0,0.023
1512776079,54994.0,0.029
1512776079,54991.69,0.107
1512776079,54993.0,0.009
1512776081,55298.0,0.001
1512776089,55298.0,0.001
1512776093,55300.0,0.004
1512776101,55300.0,0.002
1512776101,55300.0,0.158
1512776101,55300.0,0.044
1512776110,55298.0,0.006
1512776114,55300.0,0.02
1512776118,55299.0,0.004
1512776132,55299.0,0.058
1512776144,55242.1,0.00
1512776144,55245.94,0.038
1512776144,55298.0,0.146
1512776156,55300.0,0.724
1512776156,55299.0,0.843
1512776160,55300.0,0.021
1512776168,55300.0,0.063
1512776168,55300.0,0.077
1512776168,55300.0,0.001
1512776175,55303.0,0.123
1512776180,55306.0,0.001
1512776184,55327.43,0.197
1512776202,55297.7,0.021
1512776202,55290.73,0.086
1512776202,55294.57,0.067
1512776202,55287.58,0.013
1512776232,55284.16,0.004
1512776335,55285.0,0.037
1512776337,55287.58,0.002
1512776380,55287.58,0.018
1512818032,52645.29,0.001
1512818046,52645.29,0.001
1512818046,52697.99,0.022
1512818046,52729.06,0.229
1512818057,52650.39,0.02
1512818058,52601.99,0.03
1512818059,52601.99,0.081
1512818072,52601.99,0.001
1512818084,52627.43,0.073
1512818084,52609.44,0.012
1512818084,52636.75,0.04
1512818084,52613.95,0.043
1512818084,52618.39,0.032
1512818084,52650.39,0.008
1512818084,52605.06,0.024
1512818084,52622.78,0.083
1512818084,52632.24,0.052
1512818102,52640.87,0.01
1512818106,52605.0,0.001
1512818106,52605.0,0.022
1512818119,52640.87,0.032
1512818129,52645.28,0.039
1512818135,52649.4,0.038
1512818146,52650.39,0.029
1512818153,52654.67,0.029
1512818153,52658.9,0.023
1512818156,52682.16,0.076
1512818156,52722.33,0.034
1512818156,52726.85,0.043
1512818156,52686.99,0.064
1512818156,52713.52,0.06
1512818156,52691.6,0.035
1512818156,52663.85,0.058
1512818156,52717.67,0.046
1512818156,52668.76,0.071
1512818156,52677.52,0.033
1512818156,52695.78,0.062
1512818156,52708.6,0.057
1512818156,52700.1,0.019
1512818156,52672.84,0.05
1512818156,52704.25,0.042
1512818175,52726.85,0.047
1512818176,52740.31,0.043
1512818176,52745.24,0.071
1512818176,52730.91,0.035
1512818176,52735.34,0.09
1512818176,52749.51,0.005
1512818176,52729.07,0.013
1512818184,52749.51,0.068
1512818194,52750.5,0.009
1512818209,52750.5,0.012
1512818217,52750.5,0.017
1512818222,52769.0,0.074
1512818222,52773.18,0.022
1512818222,52755.04,0.074
1512818222,52777.92,0.013
1512818222,52759.97,0.087
1512818222,52764.81,0.032
1512818232,52777.92,0.009
1512818234,52777.92,0.026
1512818234,52786.54,0.085
1512818234,52782.21,0.023
1512818234,52795.51,0.068
1512818234,52791.2,0.015
1512818235,52606.0,0.02
1512818235,52730.0,0.056
1512818235,52750.5,0.00
1512818235,52729.06,0.001
1512818235,52750.0,0.028
1512818235,52726.84,0.004
1512818235,52750.5,0.009
1512818235,52600.02,0.011
1512818235,52652.0,0.52
1512818235,52610.0,0.05
1512818235,52600.0,1.674
1512818235,52729.07,0.007
1512818235,52650.39,0.045
1512818252,52606.0,0.029
1512818261,52600.0,0.105
1512818261,52607.0,0.03
1512818341,52729.06,0.002
1512818341,52600.0,0.003
1512818386,52795.0,0.002
1512818412,52795.51,0.007
1512818431,52795.0,0.038
1512818440,52729.05,0.002
1512818442,52600.0,0.151
1512818455,52701.0,0.015
1512818461,52701.0,0.001
1512818462,52600.01,0.005
1512818462,52701.0,0.028
1512818462,52600.01,0.003
1512818463,52600.0,0.049
1512818463,52600.01,0.095
1512818483,52600.0,0.043
1512818498,52745.0,0.00
1512818501,52745.0,0.019
1512818537,52749.0,0.038
1512818547,52610.0,0.02
1512818562,52745.0,0.019
1512818563,52745.0,0.051
1512818570,52748.0,0.022
1512818570,52745.0,0.024
1512818586,52748.0,0.006
1512818586,52749.0,0.026
1512818619,52600.0,0.30
1512818621,52600.0,0.045
1512818653,52610.0,0.001
1512818659,52748.0,0.00
1512818765,52748.0,0.018
1512818790,52670.0,0.015
1512818794,52660.0,0.064
1512818794,52670.0,0.213
1512818870,52600.01,0.001
1512818870,52600.0,0.385
1512818870,52600.01,0.285
1512818875,52600.0,1.268
1512818885,52610.0,0.091
1512818893,52640.0,0.06
1512818896,52640.0,0.084
1512818898,52640.0,0.016
1512818902,52640.0,0.014
1512818905,52640.0,0.031
1512818908,52640.0,0.011
1512818912,52640.0,0.025
1512818915,52640.0,0.049
1512818918,52640.0,0.025
1512818921,52683.04,0.076
1512818921,52748.0,0.016
1512818921,52795.51,0.003
1512818921,52799.65,0.053
1512818921,52748.0,0.057
1512818921,52650.0,0.009
1512818921,52649.0,0.009
1512818921,52800.0,0.168
1512818927,52610.0,0.017
1512818927,52640.0,0.008
1512818928,52610.0,0.008
1512818963,52611.28,0.008
1512818979,52611.28,0.002
1512818983,52611.28,0.005
1512818983,52641.28,0.042
1512818994,52641.28,0.012
1512818994,52645.75,0.072
1512819019,52640.0,0.00
1512819023,52640.0,0.009
1512819028,52615.05,0.022
1512819031,52800.0,0.001
1512819041,52800.0,0.007
1512819053,52650.0,0.001
1512819061,52816.9,0.03
1512819061,52804.09,0.011
1512819061,52808.58,0.045
1512819061,52800.0,0.009
1512819061,52812.71,0.019
1512819068,52816.9,0.002
1512819072,52821.59,0.073
1512819072,52816.9,0.014
1512819072,52826.45,0.049
1512819076,52700.0,0.047
1512819076,52700.0,0.047
1512819078,52700.0,0.047
1512819084,52835.48,0.014
1512819084,52826.45,0.013
1512819084,52830.87,0.029
1512819091,52835.48,0.033
1512819096,52840.31,0.024
1512819109,52844.8,0.06
1512819127,52941.0,0.002
1512819127,52870.5,0.033
1512819127,52922.77,0.05
1512819127,52927.37,0.037
1512819127,52936.72,0.054
1512819127,52918.72,0.041
1512819127,52848.81,0.06
1512819127,52913.79,0.073
1512819127,52850.0,0.036
1512819127,52904.78,0.04
1512819127,52932.23,0.07
1512819127,52909.7,0.069
1512819148,52941.0,0.002
1512819151,52767.71,0.384
1512819151,52768.0,0.006
1512819164,52950.9,0.077
1512819164,52945.96,0.044
1512819164,52941.0,0.041
1512819164,52964.12,0.033
1512819164,52935.0,0.051
1512819164,52955.05,0.015
1512819164,52950.0,0.114
1512819164,52959.32,0.029
1512819172,52964.12,0.001
1512819184,52900.0,0.011
1512819185,52964.12,0.033
1512819186,52964.12,0.001
1512819195,52964.12,0.002
1512819212,52968.55,0.038
1512819226,52973.37,0.003
1512819228,52989.99,0.004
1512819228,52978.07,0.021
1512819228,53000.0,0.022
1512819228,52973.37,0.017
1512819228,52990.0,0.019
1512819228,52986.81,0.03
1512819231,52970.0,0.017
1512819233,52970.0,0.001
1512819234,53000.0,0.00
1512819234,53000.0,0.315
1512819234,53000.0,0.06
1512819234,53000.0,0.006
1512819234,53000.0,0.04
1512819251,52970.0,0.017
1512819257,52970.0,0.013
1512819264,52999.99,0.048
1512819267,53000.0,0.001
1512819272,53000.0,0.016
1512819273,53000.95,0.002
1512819273,53000.0,0.001
1512819306,53040.67,0.068
1512819306,53023.57,0.028
1512819306,53031.71,0.059
1512819306,53019.25,0.082
1512819306,53030.0,0.002
1512819306,53000.95,0.047
1512819306,53044.98,0.036
1512819306,53010.11,0.044
1512819306,53036.16,0.087
1512819306,53049.49,0.004
1512819306,53014.26,0.061
1512819306,53027.59,0.018
1512819306,53005.24,0.069
1512819317,53010.0,0.001
1512819323,53010.0,0.001
1512819328,53010.0,0.001
1512819335,53010.0,0.001
1512819353,53020.0,0.001
1512819384,53049.48,0.001
1512819386,53049.48,0.008
1512819410,53049.49,0.013
1512819415,53050.0,0.006
1512819417,53055.02,0.021
1512819417,53059.19,0.018
1512819417,53050.0,0.032
1512819421,53050.0,0.398
1512819426,53055.0,0.032
1512819436,53050.0,0.059
1512819437,53050.0,0.37
1512819441,53059.19,0.001
1512819443,53050.0,0.02
1512819447,53059.19,0.057
1512819451,53059.19,0.001
1512819463,53059.19,0.004
1512819471,53050.0,0.007
1512819472,53064.15,0.02
1512819478,53068.59,0.074
1512819479,53068.59,0.014
1512819486,53073.0,0.017
1512819488,53073.0,0.022
1512819488,53077.59,0.035
1512819494,53081.84,0.045
1512819494,53086.78,0.045
1512819496,53090.0,0.001
1512819498,53090.0,0.001
1512819499,53091.43,0.022
1512819502,53091.43,0.001
1512819513,53096.04,0.018
1512819515,53100.0,0.727
1512819515,53100.0,0.035
1512819521,53100.0,0.074
1512819528,53090.0,0.011
1512819531,53100.0,0.044
1512819555,53100.0,0.002
1512819557,53090.0,0.003
1512819557,53090.0,0.002
1512819568,53100.24,0.035
1512819568,53100.0,0.04
1512819589,53100.0,0.001
1512819589,53100.0,0.056
1512819589,53099.99,0.034
1512819593,53100.0,0.052
1512819613,53104.33,0.027
1512819613,53109.03,0.038
1512819613,53100.24,0.04
1512819625,53100.0,0.301
1512819626,53100.0,0.003
1512819637,53101.0,0.069
1512819637,53109.03,0.004
1512819638,53101.0,0.001
1512819644,53101.0,0.001
1512819650,53101.0,0.001
1512819656,53101.0,0.001
1512819662,53101.0,0.001
1512819668,53101.01,0.001
1512819669,53101.0,0.017
1512819669,53101.01,0.003
1512819674,53101.0,0.001
1512819676,53109.03,0.028
1512819677,53109.03,0.002
1512819680,53101.0,0.001
1512819686,53101.0,0.001
1512819689,53109.03,0.016
1512819690,53110.0,0.019
1512819694,53110.0,0.222
1512819698,53113.45,0.015
1512819701,53114.0,0.003
1512819707,53177.36,0.017
1512819707,53139.9,0.081
1512819707,53130.91,0.016
1512819707,53126.14,0.028
1512819707,53135.55,0.046
1512819707,53149.47,0.019
1512819707,53144.5,0.036
1512819707,53121.6,0.028
1512819707,53150.0,0.003
1512819707,53173.28,0.05
1512819707,53117.53,0.061
1512819720,53114.0,0.001
1512819728,53114.0,0.001
1512819734,53114.0,0.001
1512819740,53114.0,0.001
1512819746,53114.0,0.001
1512819752,53116.0,0.001
1512819755,53177.36,0.037
1512819758,53177.36,0.001
1512819763,53177.36,0.081
1512819763,53116.0,0.096
1512819763,53110.0,0.208
1512819764,53113.45,0.001
1512819780,53182.19,0.00
1512819786,53182.19,0.017
1512819802,53170.0,0.00
1512819810,53170.01,0.004
1512819810,53170.0,0.011
1512819812,53170.0,0.027
1512819816,53171.0,0.001
1512819825,53171.0,0.048
1512819825,53170.0,0.017
1512819833,53177.35,0.024
1512819833,53177.35,0.024
1512819833,53191.02,0.06
1512819833,53182.0,0.009
1512819833,53186.93,0.059
1512819833,53182.19,0.051
1512819833,53177.35,0.024
1512819853,53113.45,0.019
1512819853,53171.0,0.032
1512819856,53113.45,0.009
1512819857,53113.45,0.019
1512819867,53113.45,0.022
1512819876,53191.02,0.018
1512819895,53191.0,0.012
1512819906,53195.46,0.043
1512819906,53191.02,0.011
1512819920,53140.0,0.049
1512819920,53113.45,0.941
1512819920,53160.0,0.01
1512819951,53073.34,0.026
1512819951,53190.99,0.015
1512819951,53100.0,0.009
1512819951,53101.0,0.073
1512819951,53077.7,0.042
1512819951,53113.45,1.177
1512819951,53160.01,0.002
1512819951,53100.0,0.025
1512819951,53089.99,0.002
1512819965,53113.45,0.215
1512819975,53068.88,0.001
1512819975,53073.34,0.002
1512819975,53073.35,0.001
1512819984,53195.0,0.029
1512819985,53195.0,0.046
1512819999,53199.0,0.093
1512819999,53195.46,0.009
1512820011,53200.0,0.006
1512820011,53200.0,0.077
1512820021,53200.0,0.114
1512820023,53199.0,0.004
1512820023,53068.88,0.019
1512820023,53190.99,0.003
1512820023,53195.0,0.021
1512820036,53068.88,0.001
1512820038,53200.0,0.009
1512820038,53200.0,0.063
1512820058,53109.59,0.009
1512820058,53104.79,0.047
1512820058,53100.24,0.039
1512820076,53109.59,0.049
1512820078,53110.0,0.015
1512820078,53100.0,0.017
1512820085,53100.0,0.095
1512820086,53100.0,0.027
1512820090,53100.0,0.515
1512820092,53100.0,0.382
1512820109,53099.99,0.012
1512820110,53099.99,0.012
1512820115,53099.99,0.012
1512820119,53099.99,0.012
1512820123,53097.0,0.007
1512820142,53099.99,0.019
1512820146,53097.0,0.043
1512820146,53091.59,0.062
1512820146,53096.28,0.001
1512820146,53096.29,0.047
1512820146,53087.15,0.015
1512820207,53082.67,0.063
1512820207,53028.05,0.063
1512820207,53074.2,0.021
1512820207,53049.43,0.053
1512820207,53001.58,0.02
1512820207,53040.81,0.069
1512820207,53000.0,0.069
1512820207,53059.35,0.079
1512820207,53087.15,0.02
1512820207,53068.88,0.019
1512820207,53000.0,0.134
1512820207,53014.95,0.072
1512820207,53010.81,0.033
1512820207,53000.0,0.039
1512820207,53070.02,0.083
1512820207,53023.1,0.052
1512820207,53036.62,0.07
1512820207,53019.06,0.089
1512820207,53010.49,0.015
1512820207,53059.18,0.001
1512820207,53032.3,0.052
1512820207,53064.02,0.058
1512820207,53045.22,0.061
1512820207,53078.59,0.075
1512820207,53054.36,0.046
1512820227,53000.0,0.001
1512820248,52936.0,0.002
1512820274,52910.0,0.084
1512820314,52910.0,0.203
1512820329,52910.0,0.001
1512820338,52997.0,0.033
1512820353,52997.0,0.014
1512820396,52995.99,0.002
1512820428,52920.0,0.004
1512820443,52920.0,0.028
1512820458,52920.0,0.001
1512820459,52920.0,0.23
1512820521,52920.0,0.001
1512820521,52950.0,0.001
1512820531,52995.99,0.001
1512820544,52920.0,0.056
1512820544,52920.01,0.019
1512820567,52995.99,0.047
1512820577,52921.0,0.009
1512820577,52990.0,0.009
1512820582,52921.0,0.001
1512820591,52999.98,0.018
1512820591,53000.0,0.02
1512820591,52995.99,0.017
1512820641,52999.0,0.00
1512820641,52920.0,0.449
1512820641,52921.0,0.674
1512820688,52920.01,0.001
1512820688,52920.0,0.00
1512820712,52946.47,0.001
1512820718,52920.0,0.044
1512820718,52946.47,0.00
1512820723,52999.0,0.00
1512820770,52950.0,0.01
1512820782,52950.0,0.048
1512820784,52950.0,0.01
1512820785,52950.0,0.002
1512820854,52951.0,0.019
1512820854,52951.02,0.00
1512820855,52920.0,0.002
1512820877,52920.0,0.01
1512820885,53000.0,0.346
1512820885,52999.0,0.04
1512820903,52950.0,0.151
1512820924,52925.0,0.00
1512820924,52925.1,0.00
1512820925,52910.0,0.045
1512820925,52920.0,0.025
1512820925,52920.0,0.006
1512820935,52950.0,0.08
1512820961,53000.0,0.00
1512820968,53000.0,0.002
1512820979,53000.0,0.206
1512820979,52950.0,0.049
1512821003,52927.0,0.00
1512821011,52927.0,0.013
1512821024,52927.0,0.136
1512821035,52995.0,0.002
1512821035,52910.0,0.017
1512821035,52900.0,0.008
1512821035,52927.0,0.132
1512821047,52900.0,0.001
1512821078,52900.0,0.003
1512821083,52900.0,0.003
1512821093,52820.59,0.00
1512821093,52820.49,0.001
1512821093,52805.0,0.06
1512821093,52820.49,0.001
1512821093,52800.0,0.437
1512821097,52899.0,0.002
1512821107,52899.0,0.01
1512821116,52900.0,0.159
1512821116,53099.97,0.337
1512821116,52899.0,0.033
1512821116,53000.0,0.475
1512821168,53099.0,0.006
1512821205,53099.0,0.007
1512821217,53099.0,0.068
1512821217,53099.97,0.053
1512821284,53050.0,0.002
1512821287,53098.0,0.001
1512821287,53099.97,0.004
1512821310,53099.97,0.005
1512821316,53099.97,0.017
1512821322,53099.97,0.002
1512821325,53099.97,0.026
1512821327,53099.97,0.005
1512821331,53099.97,0.026
1512821332,53099.97,0.006
1512821332,53099.99,0.031
1512821333,53050.0,0.001
1512821333,53010.0,0.395
1512821334,53010.0,0.215
1512821349,53010.0,0.002
1512821351,52900.0,0.00
1512821397,53010.0,0.001
1512821398,52900.01,0.002
1512821398,52900.01,0.006
1512821468,52900.01,0.002
1512821468,52900.01,0.001
1512821478,52900.01,0.002
1512821478,52900.0,0.083
1512821478,52900.01,0.015
1512821482,53010.0,0.00
1512821536,53010.0,0.142
1512821578,53098.0,0.015
1512821579,53099.99,0.53
1512821580,53152.56,0.086
1512821580,53100.0,0.03
1512821580,53139.56,0.042
1512821580,53122.6,0.021
1512821580,53135.19,0.075
1512821580,53148.52,0.076
1512821580,53144.03,0.041
1512821580,53099.99,0.339
1512821580,53126.68,0.06
1512821580,53113.65,0.054
1512821580,53118.5,0.019
1512821580,53130.94,0.072
1512821581,53175.42,0.049
1512821581,53170.51,0.082
1512821581,53157.09,0.048
1512821581,53179.81,0.036
1512821581,53165.89,0.021
1512821581,53161.87,0.048
1512821601,53183.85,0.00
1512821612,53098.0,0.003
1512821643,53183.85,0.013
1512821682,53132.9,0.002
1512821689,53141.71,0.01
1512821693,53187.99,0.003
1512821703,53187.99,0.016
1512821712,53187.99,0.003
1512821723,53183.36,0.001
1512821730,53168.96,0.032
1512821730,53162.22,0.342
1512821730,53164.75,0.028
1512821730,53173.43,0.064
1512821730,53183.36,0.045
1512821730,53178.4,0.053
1512821730,53183.36,0.001
1512821731,53183.36,0.003
1512821736,53196.9,0.024
1512821736,53200.94,0.053
1512821736,53192.48,0.023
1512821736,53185.0,0.001
1512821742,53185.0,0.001
1512821748,53189.0,0.001
1512821748,53185.0,0.00
1512821754,53185.0,0.001
1512821760,53185.0,0.001
1512821763,53200.94,0.01
1512821767,53185.0,0.001
1512821768,53210.28,0.013
1512821768,53205.84,0.067
1512821768,53205.84,0.004
1512821795,53214.91,0.017
1512821795,53211.0,0.075
1512821803,53214.91,0.018
1512821823,53211.0,0.009
1512821878,53211.0,0.093
1512821883,53214.91,0.02
1512821888,53214.91,0.004
1512821903,53214.91,0.004
1512821934,53211.0,0.023
1512821950,53211.0,0.004
1512821985,53214.91,0.009
1512821985,53219.62,0.017
1512821993,53214.9,0.001
1512821997,53219.62,0.004
1512822030,53219.62,0.002
1512822035,53211.0,0.216
1512822042,53210.99,0.018
1512822042,53210.99,0.00
1512822042,53210.99,0.00
1512822060,53159.93,0.028
1512822060,53155.15,0.043
1512822077,53200.0,0.056
1512822088,53219.62,0.056
1512822091,53150.24,0.085
1512822091,53146.09,0.025
1512822091,53155.15,0.003
1512822107,53223.69,0.079
1512822126,53228.58,0.011
1512822146,53156.0,0.07
1512822147,53233.38,0.068
1512822150,53146.09,0.035
1512822172,53146.09,0.002
1512822181,53137.23,0.065
1512822181,53146.09,0.006
1512822181,53141.71,0.001
1512822184,53128.36,0.06
1512822184,53132.9,0.039
1512822184,53123.98,0.062
1512822190,53200.0,0.004
1512822190,53119.04,0.039
1512822190,53114.11,0.026
1512822190,53109.15,0.03
1512822200,53209.14,0.01
1512822207,53104.51,0.024
1512822207,53100.03,0.083
1512822207,53109.15,0.036
1512822215,53100.03,0.003
1512822229,53098.01,0.002
1512822229,53059.05,0.008
1512822237,53232.0,0.92
1512822248,53059.05,0.001
1512822248,53000.0,0.181
1512822278,53000.0,0.192
1512822279,53123.98,0.028
1512822289,53100.0,0.00
1512822302,53000.0,0.024
1512822302,53000.0,0.031
1512822304,53000.0,0.00
1512822305,53000.0,0.008
1512822307,53000.0,0.01
1512822317,53000.0,0.00
1512822326,53000.0,0.00
1512822339,52900.0,0.003
1512822339,52900.0,0.011
1512822349,52929.71,0.393
1512822363,52929.71,0.07
1512822364,52929.71,0.042
1512822365,52929.71,0.217
1512822372,52929.71,0.00
1512822395,52959.78,0.003
1512822399,53000.0,0.001
1512822445,53000.0,0.156
1512822451,53000.0,0.00
1512822471,52936.94,0.008
1512822482,52936.94,0.018
1512822483,52936.94,0.018
1512822484,52936.94,0.348
1512822484,53000.0,0.005
1512822491,52937.0,0.004
1512822512,52942.58,0.004
1512822527,52942.58,0.005
1512822530,53000.0,0.147
1512822530,53000.0,0.055
1512822530,53000.0,0.019
1512822530,53000.0,0.009
1512822542,53010.19,0.384
1512822549,53128.36,0.024
1512822549,53128.36,0.06
1512822549,53123.98,0.011
1512822549,53123.0,0.018
1512822574,53127.0,0.059
1512822574,53128.36,0.035
1512822581,53132.9,0.026
1512822581,53128.36,0.001
1512822596,53137.23,0.065
1512822596,53132.9,0.013
1512822596,53132.9,0.039
1512822596,53137.23,0.068
1512822596,53146.09,0.012
1512822597,53177.78,0.038
1512822602,53177.78,0.001
1512822608,53181.25,0.001
1512822633,53200.0,0.00
1512822662,53181.25,0.096
1512822700,53168.25,0.002
1512822700,53183.0,0.002
1512822700,53177.78,0.00
1512822707,53231.99,0.018
1512822707,53200.0,0.015
1512822707,53231.99,0.045
1512822726,53232.0,0.003
1512822727,53232.0,0.01
1512822731,53232.0,0.003
1512822735,53200.0,0.011
1512822761,53200.0,0.04
1512822777,53200.0,0.002
1512822800,53216.78,0.076
1512822845,53237.98,0.014
1512822845,53233.38,0.017
1512822845,53244.74,0.00
1512822845,53216.78,0.01
1512822845,53242.5,0.07
1512822845,53246.68,0.069
1512822845,53232.0,0.025
1512822859,53216.78,0.00
1512822876,53251.05,0.004
1512822881,53251.05,0.016
1512822941,53222.0,0.198
1512822947,53250.0,0.001
1512822954,53250.0,0.009
1512822967,53222.0,0.178
1512822975,53251.05,0.055
1512822975,53250.0,0.087
1512823001,53250.0,0.004
1512823004,53251.05,0.001
1512823004,53250.0,0.032
1512823004,53255.59,0.023
1512823005,53222.0,0.01
1512823043,53222.0,0.114
1512823043,53216.77,0.001
1512823043,53200.0,0.91
1512823102,53250.0,0.012
1512823112,53250.0,0.001
1512823121,53250.0,0.002
1512823121,53200.0,0.03
1512823143,53250.0,0.067
1512823148,53250.0,0.001
1512823174,53250.0,0.001
1512823193,53200.0,0.002
1512823194,53200.0,0.013
1512823204,53250.0,0.00
1512823212,53250.0,0.059
1512823232,53200.0,0.004
1512823233,53200.0,0.008
1512823305,53200.65,0.056
1512823316,53200.0,0.273
1512823321,53200.0,1.059
1512823352,53200.65,0.009
1512823355,53200.65,0.009
1512823356,53200.0,0.063
1512823376,53200.64,0.09
1512823406,53200.01,0.00
1512823415,53200.64,0.362
1512823415,53213.73,0.132
1512823415,53200.01,0.056
1512823415,53200.65,0.04
1512823415,53233.05,0.122
1512823415,53226.61,0.398
1512823415,53207.03,0.176
1512823415,53220.23,0.213
1512823420,53200.0,0.013
1512823460,53200.0,0.523
1512823479,53200.0,0.578
1512823494,53200.0,0.161
1512823509,53200.0,0.001
1512823513,53200.0,0.002
1512823513,53200.0,0.002
1512823526,53200.0,0.024
1512823527,53200.0,0.002
1512823538,53200.0,0.002
1512823561,53200.0,0.033
1512823562,53200.03,0.00
1512823563,53200.03,0.021
1512823577,53200.03,0.001
1512823578,53200.0,0.003
1512823584,53200.0,0.156
1512823611,53200.0,0.419
1512823617,53200.0,0.04
1512823632,53200.0,0.001
1512823653,53200.03,0.002
1512823655,53200.03,0.002
1512823659,53200.03,0.003
1512823670,53200.0,0.008
1512823675,53200.0,0.04
1512823709,53200.0,0.025
1512823712,53200.0,0.001
1512823727,53200.03,0.003
1512823731,53200.03,0.00
1512823744,53200.03,0.025
1512823763,53200.03,0.009
1512823781,53200.03,0.251
1512823786,53201.0,0.001
1512823824,53202.0,0.012
1512823827,53202.0,0.012
1512823838,53205.19,0.00
1512823922,53202.0,0.302
1512823990,53202.01,0.019
1512823999,53202.0,0.001
1512824026,53202.0,0.199
1512824039,53202.0,0.001
1512824078,53202.01,0.008
1512824101,53202.0,0.091
1512824107,53202.01,0.10
1512824107,53202.01,0.058
1512824107,53205.0,0.368
1512824110,53202.0,0.20
1512824130,53205.0,0.008
1512824136,53205.0,0.024
1512824138,53202.0,0.069
1512824144,53202.0,0.01
1512824148,53201.0,0.686
1512824148,53201.99,0.002
1512824148,53202.0,0.003
1512824148,53201.99,0.002
1512824148,53201.99,0.006
1512824148,53202.0,0.06
1512824179,53201.0,0.277
1512824193,53205.0,0.002
1512824216,53205.0,0.026
1512824235,53201.0,0.043
1512824261,53201.0,0.07
1512824280,53205.0,0.012
1512824321,53205.0,0.002
1512824324,53205.19,0.382
1512824324,53205.0,0.259
1512824328,53205.2,0.002
1512824337,53205.2,0.037
1512824341,53202.01,0.006
1512824341,53204.99,0.001
1512824341,53201.0,0.01
1512824341,53205.2,0.029
1512824412,53239.35,0.32
1512824412,53210.48,0.386
1512824412,53250.0,0.075
1512824412,53222.26,0.115
1512824412,53216.0,0.027
1512824412,53216.37,0.152
1512824412,53227.42,0.112
1512824412,53233.05,0.263
1512824412,53246.17,0.135
1512824424,53255.59,0.001
1512824427,53255.59,0.01
1512824437,53255.59,0.002
1512824462,53274.2,0.039
1512824462,53269.26,0.024
1512824462,53255.59,0.046
1512824462,53265.01,0.061
1512824462,53260.31,0.053
1512824462,53278.34,0.028
1512824491,53278.34,0.007
1512824498,53250.0,0.095
1512824499,53250.0,0.019
1512824508,53250.0,0.006
1512824519,53277.0,0.005
1512824548,53277.0,0.001
1512824557,53277.0,0.00
1512824572,53277.0,0.008
1512824582,53277.0,0.018
1512824593,53260.0,0.60
1512824613,53260.57,0.001
1512824643,53260.0,0.04
1512824655,53260.0,1.948
1512824688,53260.0,0.04
1512824700,53260.0,0.216
1512824707,53260.01,0.00
1512824746,53260.0,0.03
1512824749,53260.0,0.001
1512824757,53260.01,0.001
1512824763,53260.0,0.004
1512824764,53260.0,0.002
1512824765,53277.0,0.174
1512824765,53260.01,0.208
1512824785,53260.01,0.02
1512824785,53260.0,0.01
1512824797,53260.0,0.004
1512824797,53250.0,1.519
1512824797,53260.0,0.746
1512824797,53260.0,0.20
1512824806,53250.0,0.13
1512824809,53277.0,0.20
1512824818,53278.33,0.001
1512824818,53278.34,0.005
1512824818,53277.0,0.052
1512824818,53300.0,0.056
1512824826,53300.0,0.00
1512824832,53259.99,0.00
1512824832,53259.99,0.00
1512824832,53250.0,0.046
1512824832,53252.0,0.014
1512824833,53250.0,0.059
1512824833,53260.0,0.001
1512824837,53250.0,0.07
1512824846,53250.0,0.425
